2378 3856
158 198 212 257 in
233 196 418 269 nuncnu
436 197 490 262 nu
506 153 807 260 consciencie.
828 208 872 260 m.
887 207 932 262 n.
976 199 1038 263 rec

61 351 214 431 pertidum
234 349 379 413 militem?
411 351 817 426 consecretursubscriptio.
848 358 880 411 et
898 354 1039 413 acerrimi

61 451 169 510 canes,
197 451 275 511 quos
295 433 354 499 illc¹
367 441 401 496 ut
415 434 477 495 ‘sibi
495 436 549 494 uni
568 441 766 510 monsuetcm
793 435 935 496 omuibus
955 437 1038 498 foros

60 519 196 592 haberet,
211 518 361 592 sanguiue
374 517 507 579 hiunano
521 517 684 593 poscebat,
697 518 926 579 circumlatrare
941 519 1038 579 homi

60 617 131 661 nem
145 609 175 662 et
187 600 247 661 iarn
261 601 345 660 iiium
364 601 557 676 impetratum
571 600 728 676 incipiunt
744 601 835 675 curu
849 604 985 664 iaceret?
1012 604 1067 669 sid

59 685 166 744 vivere
181 685 285 757 veliet,
301 682 432 756 Seianus
445 684 604 760 rogandus
618 692 696 757 erat,
713 685 741 744 si
754 684 846 759 moni,
856 687 939 761 iiic,
956 693 1037 747 uter-

61 783 123 842 que
146 765 359 828 mexorebilisz
392 768 548 831 constituit
571 767 664 828 tilium
677 769 912 833 caridemus
935 769 1039 845 inque

60 851 182 910 balineo
191 894 204 924 ‚¹
225 855 276 923 [et]
300 866 361 925 quo
381 851 451 930 pius
466 850 574 913 virium
587 859 731 926 poneret,
755 850 980 912 incubicuium
1003 869 1039 914 se
1120 920 1128 928 ,

61 933 152 1008 quasi
167 935 486 1008 gustaturusssccutulit
500 941 530 996 et
545 933 685 996 dimissis
698 935 802 1010 pueris
817 937 968 1011 quaedam
984 951 1040 1018 per

61 1019 243 1090 fenestram,
259 1024 293 1087 ut
306 1017 460 1083 uideretur
474 1017 593 1092 edisse,
608 1018 747 1093 proiecit.
769 1035 790 1078 u
802 1034 902 1080 coena
914 1020 1038 1095 deinde,

61 1102 152 1176 quasi
164 1100 225 1162 iam
240 1099 360 1165 setisin
371 1101 654 1176 cubiouioedissei,
664 1102 825 1162 ebsduuic
850 1103 945 1164 ultum
961 1120 1038 1180 quo-

61 1199 122 1260 que
138 1184 188 1244 die
203 1184 334 1247 etiertin
348 1185 433 1246 idem
446 1185 526 1246 iecit.
554 1185 772 1260 quartusipsu
785 1185 957 1247 infimitate
971 1203 1037 1248 cor-

60 1269 151 1344 poris:
162 1268 293 1332 faciebat
307 1268 462 1334 indicium.
485 1269 656 1343 conplexus
671 1267 833 1343 ituquete:
850 1270 1038 1344 „carissimu

60 1353 173 1427 inquit,
195 1351 260 1416 suiie
279 1358 309 1412 ct
328 1352 389 1415 noc
410 1365 505 1413 uuum
518 1357 582 1411 tete
596 1351 694 1410 ceiam
707 1350 783 1426 vitu,
803 1351 860 1411 iter
871 1354 979 1433 mortis
993 1353 1038 1411 in-

60 1450 191 1510 gressus
204 1450 274 1494 sum
290 1442 320 1495 et
334 1435 394 1496 iem
406 1435 541 1495 medium
556 1434 620 1494 scre
634 1442 735 1494 teneo
757 1449 904 1496 revocure
917 1449 968 1495 une
982 1452 1040 1496 nec

62 1518 159 1577 debes
173 1533 231 1576 nec
246 1521 367 1592 potes.“
386 1524 488 1592 utque
501 1518 543 1578 ite
557 1517 647 1578 iussit
660 1519 761 1578 lumen
775 1520 1040 1595 enneprncciudi

63 1610 93 1660 et
108 1615 142 1659 se
158 1600 187 1658 in
203 1600 347 1662 tenebras
360 1601 507 1663 condidit.
537 1600 663 1676 Cognito
681 1603 812 1664 consitio
834 1603 901 1664 eius
917 1603 1067 1678 publicar

62 1685 207 1757 voluptas
221 1691 301 1759 erut,
323 1685 409 1759 quod
429 1684 610 1745 etiaucibus
627 1684 877 1747 avidissimorum
895 1688 1040 1761 iuporum

63 1768 245 1830 educeretur
263 1769 390 1842 praeda.
423 1775 621 1830 accusatores
638 1769 754 1830 Seiano
782 1778 907 1831 auctore
927 1771 1041 1831 udeunt

63 1852 223 1911 consulum
244 1851 420 1927 tribunalia,
442 1857 609 1928 queruntur
629 1852 706 1914 muri
726 1853 875 1928 Cordum,
896 1847 1038 1914 etinten-

61 1932 211 2009 peliantes
239 1936 325 2010 quod
353 1945 532 2011 coegerant:
558 1938 637 1997 edec
656 1937 717 1998 iliis
739 1937 859 1998 &trdus
879 1937 1041 1997 vid-ebatur

64 2017 212 2091 effugere.
243 2018 357 2094 Mesua
370 2036 421 2080 res
442 2027 522 2093 eret,
545 2021 599 2103 [in]
621 2014 805 2096 quaestione
825 2036 863 2080 un
883 2027 981 2079 morte
995 2018 1068 2083 reid

62 2102 273 2176 perderentur.
308 2103 385 2163 dum
399 2105 599 2176 deliberetur,
619 2105 691 2163 dum
715 2108 912 2165 accusatores
932 2104 1038 2163 iterum

61 2185 191 2257 adeunt,
207 2185 257 2243 iile
271 2201 309 2244 se
321 2186 505 2247 absolveret.
527 2187 679 2259 Videsne,
693 2187 821 2260 Marcio,
838 2195 970 2262 quantae
984 2185 1039 2244 ini-

63 2284 195 2341 quorum
222 2275 392 2343 temporum
419 2270 516 2329 vices·
531 2285 572 2328 ex
594 2269 752 2342 inopinato
778 2268 941 2343 ingruunt?
972 2267 1039 2342 flos,

63 2351 149 2426 quod
166 2351 256 2412 elicui
276 2358 397 2413 tucrum
412 2353 490 2413 mori
506 2351 852 2428 necessciuitipeene
871 2366 932 2410 non
947 2351 1040 2412 licuit

121 2434 226 2494 XXlli.
246 2434 370 2496 Praeter·
389 2436 449 2518 hoc
470 2435 556 2510 quod
569 2439 658 2495 omne
679 2433 982 2495 iirturum=‘ineentum
996 2430 1069 2495 esti

64 2527 95 2578 et
111 2518 151 2578 ed
166 2518 319 2580 deteriora
333 2519 455 2593 certius,
473 2517 697 2579 facillimum
719 2518 946 2593 udrsupcros
966 2519 1042 2579 iter

63 2610 125 2662 esi
144 2602 286 2662 animis
306 2603 385 2664 cito
406 2603 633 2664 annumero
658 2601 964 2663 conversatione
982 2602 1040 2662 di·

63 2686 207 2745 missis.
248 2687 401 2747 minimum
435 2687 519 2746 enim
548 2686 642 2745 faecis
671 2686 846 2761 [ponderis]
873 2692 1040 2746 traxerunt.

66 2776 229 2840 antequam
243 2769 434 2832 obducerent
447 2777 479 2831 ct
493 2769 582 2830 altius
597 2776 717 2830 terrene
732 2768 945 2844 conciperent,
967 2769 1042 2829 libe-

63 2851 136 2922 rati,
157 2852 290 2918 leviores
305 2855 345 2914 ed
358 2854 506 2928 originem
521 2867 610 2912 snam
622 2854 762 2910 revolent
775 2858 806 2910 et
822 2850 942 2910 lucilius
958 2851 1042 2924 qino-

64 2933 139 3010 quid
167 2940 215 2993 est
244 2934 320 2995 iilud
344 2934 476 2996 obsoleti
502 2933 639 3006 inlitique
662 2933 776 2992 eluunt.
811 2947 870 2991 nec
898 2945 1072 3006 umquemu

63 3016 184 3090 magnis
206 3016 335 3091 ingeniis
358 3033 428 3076 coru
451 3015 487 3077 in-
504 3030 635 3091 corpcre
653 3022 741 3074 moro
762 3021 818 3075 est.
846 3014 1043 3090 exirentque

64 3115 228 3174 erumpere
249 3101 395 3176 gestiunt,
417 3114 509 3174 aegro
523 3099 580 3158 ines
593 3098 752 3172 augustius
770 3099 884 3172 ierunt,
905 3100 974 3174 vugi
986 3114 1044 3174 per

65 3198 171 3257 omne,
202 3184 348 3245 subtimes
369 3191 400 3243 et
421 3199 460 3247 cx
483 3185 544 3244 alto
570 3181 690 3243 adsueti
712 3181 845 3242 hument
864 3183 1042 3258 despicere:

65 3266 137 3327 inde
152 3276 200 3328 est
222 3269 305 3343 quod
319 3266 424 3328 Platon
438 3269 565 3328 cinerati
588 3267 736 3342 sapientis
754 3266 887 3327 animum
904 3274 997 3328 totum
1012 3265 1043 3322 in

65 3358 194 3410 mortem
209 3352 400 3426 prominere,
420 3351 480 3412 hoe
494 3351 588 3425 veile,
603 3350 664 3411 hoc
677 3351 831 3422 meditari,
846 3350 904 3409 huc
922 3362 1045 3421 semper

67 3433 212 3508 cupidine
227 3435 298 3494 icrri
320 3436 349 3493 in
370 3434 523 3496 exteriore
537 3434 722 3494 tendentem.
756 3432 834 3506 Quid
849 3439 897 3504 tu,
920 3429 1073 3505 Murcimd
