2378 3856
165 160 208 224 ω
461 160 490 218 L.
513 158 659 219 ANNAEI
682 157 858 219 SENECAE

165 318 266 385 erant,
288 309 479 370 incohantes
500 307 703 383 describeret,
725 315 846 369 ceteros
860 308 1010 383 praeconi
1024 311 1142 373 subice·

164 400 225 467 ret,
246 394 340 468 idque
360 407 397 451 se
417 392 538 466 negavit
551 392 700 452 lecturum
715 391 828 467 luisse,
848 391 907 453 nisi
921 392 1145 469 expedirethia

166 475 321 539 dominum
335 475 458 547 habere,
473 475 525 549 qui
540 482 600 534 tam
615 475 724 535 mnam
738 473 884 535 haberent
900 474 1050 550 lingnam.

140 575 152 624 1
248 558 353 619 Xlllll.
374 559 473 619 Huius
488 574 588 634 nepas
610 558 666 619 luit
679 557 870 631 Alexander,
891 556 946 635 qui
959 559 1143 623 lanceamin

166 642 316 703 convivas
337 658 415 702 suos
435 641 612 718 torquebat,
639 641 750 717 quiex
770 641 892 703 dnobus
912 642 1040 716 aminis,
1066 660 1144 720 quos

165 727 259 800 paula
274 732 344 785 ante
359 726 463 797 retuli,
480 727 606 785 alterum
622 725 706 784 ferae
722 720 848 798 obiecit,
862 726 992 785 alterum
1005 726 1080 787 sibi.
1107 743 1143 787 ex

137 809 213 872 uhis
238 810 360 870 duobus
384 815 484 869 umen
510 808 562 882 qui
587 807 669 867 leoni
694 805 833 867 obiectus
858 814 919 881 est,
953 807 1042 869 vixit
1079 810 1142 872 Non

165 892 269 952 habuit
283 892 342 954 hoc
356 892 468 950 avitum
484 889 534 950 ille
548 891 668 963 vitium,
684 905 723 949 ne
738 898 895 965 paternum
910 890 1049 966 quidem.
1077 910 1142 955 nam

166 976 192 1034 si
208 991 268 1050 qua
288 975 348 1034 alia
367 974 397 1032 in
410 971 549 1048 Philippa
571 973 680 1045 virtus,
707 972 764 1035 luit
779 981 810 1034 et
822 973 1079 1037 contumeliarum
1093 993 1141 1053 pa·

164 1058 277 1126 nentia,
294 1056 402 1131 ingens
416 1056 648 1115 instrumentum
662 1056 702 1115 ad
716 1058 837 1117 tutelam
853 1058 949 1132 regni.
972 1057 1141 1122 Democha-

165 1154 216 1198 res
236 1140 276 1200 ad
295 1139 378 1199 illum
398 1138 622 1200 Parrhesiastes
648 1138 689 1199 ob
710 1138 831 1199 nimiam
852 1148 882 1200 et
901 1155 1071 1216 procreem
1091 1143 1142 1203 lin·

166 1237 257 1298 guam
270 1223 441 1298 adpellatus
455 1222 533 1284 inter
543 1223 622 1283 alias
634 1221 865 1282 Atheniensium
876 1223 996 1299 legatos
1008 1233 1142 1287 venerat
1159 1244 1162 1249 ·

167 1304 271 1368 audita
283 1304 415 1381 benigne
428 1307 580 1381 legatione
593 1305 767 1381 Philippusr
790 1305 916 1378 „dicite,
930 1304 1049 1383 inquit,
1064 1308 1142 1381 mihi,

167 1390 268 1450 lacere
292 1390 367 1465 quid
392 1391 524 1463 passim,
555 1389 639 1463 quod
666 1389 706 1449 sit
729 1387 967 1449 Atheniensibus
992 1395 1142 1466 gratimr‘

137 1472 289 1547 sexcepit
303 1470 509 1533 Demochares
525 1479 569 1532 et:
590 1478 655 1545 „te,
676 1471 788 1547 inquit,
807 1472 1033 1547 suspendere.“
1065 1475 1140 1535 ladi-

166 1554 269 1628 gnatio
296 1554 553 1614 circumstantium
584 1554 624 1612 ad
648 1561 709 1613 tam
734 1553 930 1615 inhumanum
955 1571 1141 1633 responsum

168 1644 274 1697 exorta
295 1645 367 1699 erut
396 1651 475 1711 quos
488 1635 647 1711 Philippus
668 1637 877 1698 conticescere
895 1637 988 1698 iussit
1007 1647 1041 1702 et
1053 1640 1141 1702 Ther·

168 1720 256 1781 situm
280 1720 362 1779 illum
389 1721 508 1779 salvum
533 1718 778 1794 incolumemque
803 1719 961 1781 dimittere.
993 1725 1059 1796 „At
1078 1739 1142 1798 vos,

167 1803 279 1878 inquit,
296 1803 387 1863 ceteri
402 1803 507 1876 legati,
523 1802 656 1862 nuntiate
669 1802 909 1864 Atheniensibus
924 1807 1020 1867 multo
1036 1822 1140 1883 super-

167 1886 270 1947 biores
285 1901 372 1959 esse,
394 1886 446 1959 qui
460 1886 519 1945 ista
540 1885 644 1945 dicunt
671 1901 762 1960 quam
783 1888 835 1961 qui
854 1887 969 1963 inpune
989 1888 1076 1951 dicta
1092 1907 1142 1951 au·

137 1968 283 2030 ιιιίιιιιιιι
315 1968 410 2029 Multa
436 1976 467 2029 et
492 1967 582 2028 divus
602 1970 761 2042 Augustus
785 1970 877 2044 digna
901 1970 1052 2033 memoria
1076 1972 1145 2033 lecit

167 2053 318 2127 dixitque,
344 2067 382 2111 ex
409 2052 521 2128 quibus
541 2052 718 2127 adparent
711 2069 786 2113 rratn
812 2051 854 2112 illi
879 2069 941 2114 non
960 2054 1143 2131 imperasse

165 2136 341 2232 Timagenes
354 2135 546 2197 historiarum
560 2136 691 2211 scriptor
706 2135 879 2222 quaedam
871 2153 901 2196 m
915 2137 1034 2213 ipsum,
1053 2153 1142 2215 quae

167 2218 259 2280 dam
250 2235 281 2279 1n
296 2235 424 2279 uxorem
446 2220 512 2281 eius
535 2227 565 2280 et
579 2219 609 2279 in
623 2226 716 2280 totam
730 2219 853 2279 domurn
868 2220 988 2280 dixerat
1002 2237 1064 2283 nec
1077 2238 1142 2298 per

168 2304 286 2365 diderat
306 2304 394 2365 dicta.
428 2304 525 2400 magis
545 2304 624 2364 enim
647 2301 856 2363 circumfertur
873 2311 904 2363 et
923 2304 954 2362 in
969 2319 1025 2365 ore
1047 2304 1141 2367 hami·

139 2402 238 2452 enum
254 2394 301 2448 est
312 2386 473 2448 temeraria
486 2388 652 2448 urbanitas.
674 2385 775 2462 Saepe
788 2385 872 2446 illum
888 2385 1001 2447 Caesar·
1015 2388 1142 2479 monuit,

167 2469 353 2535 moderatius
369 2470 472 2545 lingula
485 2477 635 2533 uteretur=
652 2470 861 2546 perseveranti
876 2469 966 2530 domo
982 2486 1042 2531 sua
1053 2466 1141 2533 initer-

167 2548 252 2610 dixit
283 2551 394 2611 Postea
407 2534 616 2625 Timag'enes
607 2569 638 2612 ιιι
660 2551 860 2614 contubernio
873 2549 1019 2614 Pollionis
1043 2552 1143 2616 Asinii

168 2633 328 2692 consenuit
343 2649 380 2692 ac
401 2640 462 2693 totu
477 2632 598 2693 civitate
614 2634 752 2708 direptus
767 2643 823 2696 est
855 2636 971 2697 nullum
988 2635 1031 2696 illi
1052 2636 1141 2698 limen

139 2716 329 2790 spracclusa
341 2714 481 2777 Caesaris
497 2715 607 2777 domus
622 2715 753 2777 abstulit.
774 2718 925 2780 Historias
940 2726 1052 2794 postea
1065 2736 1143 2797 quas

168 2797 349 2873 scripserat,
375 2799 512 2860 recitavit
530 2805 560 2858 et
578 2799 737 2860 conbussit
756 2809 787 2861 et
800 2802 895 2864 libros
916 2808 985 2862 acta
1000 2801 1143 2865 caesaris

166 2881 298 2957 Augusti
324 2883 506 2944 continentis
531 2882 560 2940 in
587 2882 686 2956 ignem
709 2885 819 2958 posuit.
852 2885 1024 2946 inimicitias
1045 2885 1145 2963 gessit

168 2981 237 3025 cum
253 2966 399 3026 Caesarea
420 2980 509 3026 nemo
524 2964 684 3025 amicitiam
699 2967 765 3027 eius
781 2967 931 3041 extimuit,
946 2982 1038 3029 nemo
1053 2969 1143 3046 quasi

167 3049 342 3120 fulguritum
367 3047 485 3122 refugit.
518 3047 575 3108 luit
598 3049 649 3123 qui
676 3050 837 3126 praeberet
858 3058 919 3111 tam
939 3051 999 3112 alte
1021 3052 1144 3113 cadenti

139 3129 277 3190 isinum.
298 3129 376 3190 Tulit
392 3130 460 3201 hae,
474 3137 507 3190 ut
521 3129 593 3204 dixi,
612 3130 724 3192 caesar
737 3132 895 3209 patienter,
909 3150 947 3194 ne
963 3149 1002 3194 ea
1017 3133 1144 3210 quidem

154 3217 284 3284 motus,
307 3212 391 3286 quod
413 3210 555 3273 laudibus
569 3213 635 3274 suis
649 3215 805 3291 rebusque
819 3218 915 3292 gestis
929 3232 1042 3279 manus
1056 3218 1142 3279 adtu-

168 3298 252 3358 lerat.
287 3310 452 3371 numquam
480 3311 547 3356 cum
574 3296 696 3372 hospite
718 3298 830 3361 inimici
854 3299 904 3361 sui
929 3308 1059 3376 questus
1084 3308 1144 3362 est

140 3379 228 3442 siloc
248 3379 403 3443 dumtaxat
420 3378 545 3440 Pollioni
567 3382 675 3443 Asinio
697 3380 787 3444 dixit:
806 3383 1067 3466 eqpta'cpapstg„
1086 3382 1143 3444 Pa·
