2378 3856
112 202 177 267 Μ
399 202 433 259 L.
454 200 600 259 nunaut
622 198 799 259 SENECAE

113 354 228 417 matus*
237 354 265 426 ⁴]
281 352 494 413 subsiluinrus=
516 351 562 411 sic
579 350 655 411 haec
669 350 809 411 inmensa
822 351 993 415 multituda
1007 355 1093 417 onim

115 440 233 499 animae
245 434 432 495 circumdata
447 434 526 494 illius
541 433 650 509 spiritu
661 433 791 509 regitur,
810 434 897 497 illius
909 436 1093 499 mfionelle

115 523 204 583 clitur
225 534 372 594 pressura
393 534 428 578 se
448 519 635 578 anfractum
648 516 766 577 viribus
780 518 863 593 suis,
887 518 954 581 nisi
967 520 1093 583 coneilio

115 604 323 665 sustineretur.

87 698 103 751 1
177 686 229 745 lv.
253 684 347 747 Suam
360 686 463 759 itaque
479 683 714 745 incolumitatem
728 693 847 758 amant,
867 700 944 747 cum
961 702 1021 763 pro
1033 702 1090 748 auo

114 769 238 833 homine
261 770 359 829 denas
379 766 518 842 legiones
538 768 570 827 in
592 765 688 827 aciem
703 766 879 843 deducunt,¹
899 784 975 831 cum
988 770 1022 831 ln
1034 770 1088 847 pri

115 870 195 915 mam
217 854 345 913 lrontenr
365 859 547 926 procurrunt
567 858 599 911 et
617 849 751 910 adversa
767 851 954 915 volneribus
966 860 1089 929 pectora

115 939 230 1009 lerunt,
248 951 287 995 ne
301 935 493 1009 imperatoris
504 932 827 1007 suieignavertuntur.
859 934 917 997 ille
928 936 1088 1011 eet[enim]

115 1020 285 1093 vinculum,
308 1031 363 1091 per
378 1017 463 1090 quod
478 1016 654 1091 respublica
668 1015 827 1092 cohaeret,
844 1017 899 1079 ille
909 1016 1086 1095 spiritusui

115 1103 198 1174 talis,
219 1116 310 1198 quem
331 1099 408 1161 lraec
427 1107 471 1159 tot
492 1100 575 1160 milia
592 1099 729 1172 uehunt,
750 1099 847 1161 nibil
837 1117 913 1198 ipsu
927 1104 1086 1179 pmsela

116 1195 182 1247 tura
197 1185 255 1246 nisi
270 1191 394 1245 onuset
408 1184 536 1260 praeda,
552 1184 577 1243 si
592 1199 679 1243 mens
691 1182 760 1243 illa
752 1184 873 1260 imperii
884 1186 1086 1255 aubmbaur.

82 1278 99 1330 ι
316 1268 398 1343 Repe
412 1270 644 1329 emotumcmeas
659 1262 886 1329 comitiacorum·

199 1355 305 1413 ambro
318 1369 428 1429 rupere
438 1353 538 1447 Mem

113 1437 170 1497 llic
186 1452 279 1497 casus
293 1436 450 1495 Romanae
465 1432 551 1510 pacis
567 1433 692 1495 exitium
704 1435 774 1507 erit,
790 1433 840 1495 bic
850 1435 929 1498 tanti
939 1436 1087 1499 tartunam

115 1520 222 1594 populi
243 1518 273 1577 in
288 1519 393 1579 ruinas
409 1527 488 1592 aget.
515 1517 631 1578 tamdiu
645 1518 683 1577 ab
698 1516 758 1579 istu
774 1519 916 1593 periculo
930 1518 1031 1581 aberit
1042 1520 1087 1581 hie

115 1603 264 1677 populus,
292 1600 438 1676 quamdiu
458 1601 535 1662 sciet
557 1603 636 1661 terre
659 1601 778 1677 trenes,
808 1618 890 1700 quos
913 1601 1086 1680 siquando

114 1686 271 1775 abruperit
290 1688 339 1746 vel
359 1686 462 1759 aliquo
485 1700 561 1746 casu
581 1686 741 1745 discussos
749 1687 872 1783 reponi
893 1684 957 1747 sibi
976 1702 1086 1783 passus

114 1787 175 1831 non
199 1769 268 1841 erit,
290 1769 367 1829 haec
387 1769 487 1829 unitas
502 1776 533 1829 et
546 1768 595 1828 hic
610 1768 733 1827 maximi
747 1766 867 1844 imperii
881 1770 1066 1833 contextus'
1057 1786 1085 1829 ιιι

114 1860 217 1927 partes
232 1853 342 1912 multas
354 1851 496 1924 drssrlret
511 1851 655 1926 idemque
666 1851 737 1912 huic
749 1850 821 1912 urba
829 1852 1086 1917 dommaudrllnts

82 1935 183 2007 derit,
199 1932 251 2008 qui
267 1934 395 2009 parendi
410 1934 509 1994 tuerit.
544 1934 618 1995 Ideo
631 1935 785 2010 principes
799 1950 958 2012 regesque
969 1944 1002 1999 et
1015 1953 1084 2013 quo

114 2032 246 2093 cumque
266 2016 326 2077 aliu
344 2018 467 2077 nornine
488 2023 559 2078 sunt
578 2025 694 2079 tutores
716 2026 813 2079 status
835 2018 952 2095 publici
965 2036 1030 2081 non
1043 2028 1086 2082 est

113 2103 221 2161 mirum
237 2100 331 2160 amari
344 2103 423 2162 ultra
439 2100 574 2176 privatas
589 2103 679 2163 etiam
697 2100 955 2164 necessitudines.
977 2120 1049 2165 nam
1060 2104 1084 2163 si

114 2186 197 2246 sanis
218 2183 390 2246 hominibus
413 2184 534 2260 publica
554 2185 681 2260 privatis
695 2186 1083 2262 potiorasunt,·scquitru,
1120 2186 1123 2191 '

114 2277 147 2330 ut
160 2269 187 2329 is
204 2283 329 2344 quoque
343 2269 443 2329 carior
456 2269 509 2342 sit,
532 2268 562 2328 in
578 2284 668 2342 quem
684 2285 719 2329 se
732 2268 910 2343 respublica
921 2270 1082 2332 conuertit:

114 2355 185 2413 olim
207 2352 286 2412 enim
307 2353 348 2412 ita
363 2367 398 2412 se
412 2352 509 2413 induit
521 2351 708 2426 reipublicae
723 2350 852 2426 Caesar,
872 2360 908 2413 ut
921 2354 1032 2415 seduci
1045 2355 1083 2413 al·

114 2445 211 2496 terum
225 2451 286 2495 non
302 2437 402 2509 possit
415 2436 483 2496 sine
496 2433 656 2509 utriusque
670 2435 814 2510 pernicie.
835 2451 908 2495 nam
917 2443 954 2499 ut
963 2436 1008 2497 illi
1020 2436 1083 2497 uiri·

113 2520 172 2578 bus
188 2535 267 2592 opus
283 2527 344 2589 est,
367 2519 407 2578 ila
421 2524 451 2578 el
465 2517 536 2578 huic
552 2517 660 2592 capite.

84 2609 99 2660 1
174 2602 213 2658 V.
235 2600 370 2673 Longius
382 2601 502 2663 videtur
512 2601 885 2677 recessisseaproposito
898 2604 999 2665 oratio
1011 2618 1081 2677 mea

113 2690 144 2742 at
166 2680 356 2743 mehercules
375 2697 439 2741 rem
460 2683 558 2757 ipsam
581 2684 697 2757 premit.
727 2701 799 2745 nam
820 2683 862 2758 si,
882 2686 971 2761 quod
986 2686 1082 2749 adbuc

114 2765 277 2842 colligitur,
304 2774 337 2827 lu
357 2765 477 2825 animus
500 2765 687 2840 reipublicae
712 2775 783 2828 tuae
808 2783 863 2843 es,
894 2769 948 2830 illa
972 2784 1083 2845 corpus

113 2859 213 2921 tuum,
236 2850 340 2923 vides,
369 2856 403 2910 ut
424 2857 513 2924 puto,
537 2866 627 2925 quarn
649 2851 827 2911 necessaria
848 2851 1083 2913 clementia'sitr

113 2935 165 2994 tibi
181 2935 261 2994 enirn
276 2935 392 3010 parcis,
415 2950 483 2995 curn
500 2934 612 2994 videris
626 2934 712 2994 alteri
726 2949 865 3010 parcere.
894 2934 1085 2997 Parcendum

113 3020 216 3094 itaque
224 3025 272 3079 est
283 3019 372 3080 etiam
383 3017 583 3092 inprobandis
592 3018 710 3079 civibus
719 3034 782 3079 non
793 3017 984 3095 aliterquaru
992 3026 1084 3079 mem·

113 3100 176 3159 bris
192 3103 420 3175 languentibus,
444 3109 474 3161 et
490 3102 516 3161 si
531 3101 654 3176 quando
666 3102 761 3162 misso
774 3102 923 3176 sanguine
934 3118 1017 3177 opus
1029 3107 1084 3174 est,

114 3182 294 3245 sustinenda
308 3192 356 3245 est
367 3186 512 3263 [monus],
527 3201 565 3243 ne
576 3185 655 3245 ultra
666 3202 756 3260 quum
767 3199 898 3245 necesse
910 3185 1084 3247 silincidat

85 3266 167 3327 alist
186 3282 276 3341 ergo,
296 3274 330 3326 ut
343 3267 497 3340 dicebam,
517 3269 677 3328 clementia
691 3268 831 3329 omnibus
848 3268 973 3343 uiridem
987 3268 1084 3331 homi-

113 3351 203 3411 nibus
219 3350 387 3411 secundum
402 3356 553 3423 naturam,
570 3352 701 3411 maxime
716 3359 816 3412 tumen
828 3351 942 3413 decora
952 3352 1085 3427 impera-

116 3434 240 3505 toribus
258 3440 372 3509 quanto
388 3434 457 3506 plus
471 3431 563 3492 habet
575 3434 659 3507 apud
669 3435 749 3509 illos,
763 3434 848 3511 quod
859 3440 972 3508 servet,
987 3436 1085 3512 quan*
