2378 3856
133 202 195 268 298
236 207 268 266 L.
282 206 370 265 nult.
385 204 515 266 SENEC.
532 205 583 266 DE
599 204 817 265 CLEMENTIA
831 204 936 265 uel.
958 213 1006 269 26.

133 357 309 429 inminebat,
324 356 506 416 exscindere
517 357 657 431 adgressi
669 365 748 417 sunt.
770 354 939 430 aliquando
950 372 1013 417 sua
1023 372 1105 433 prae-

134 442 211 501 sidia
227 443 256 500 in
273 443 358 515 ipsos
374 447 631 499 consurrexemnt
648 440 869 516 perfidiamque
882 444 915 499 el
932 439 1104 515 inpietatem

133 532 163 584 et
178 525 324 584 ferientem
339 531 369 582 et
384 523 527 597 quicquid
542 523 653 583 abillis
668 523 852 593 didicerant,
874 522 907 581 in
918 521 1013 598 ipsos
1023 538 1104 583 exer-

133 613 268 667 cuerunt.
293 607 366 681 quid
382 608 461 666 euim
473 613 573 682 potest
583 607 621 665 ab
633 622 671 666 eo
684 607 847 682 quisquam
859 621 1005 681 sperare,
1019 622 1103 683 quem

133 692 243 750 nrolum
259 705 330 750 esse
345 691 470 751 docuit?
496 690 562 750 Non
578 690 630 749 diu
644 690 772 764 adparet
787 686 924 764 nequitia
938 703 1000 751 nec
1014 706 1104 765 quau·

102 778 195 835 atum
217 775 335 833 videtur
354 782 469 848 peccat.
507 772 569 833 Sed
588 781 660 848 pulo
682 780 775 833 tutam
790 787 863 831 esse
880 771 1104 834 crudelitatem

133 859 223 932 qualo
239 857 304 916 eius
320 872 446 930 regnum
458 861 526 915 esti
547 872 606 916 non
617 857 699 918 aliud
713 871 804 931 quam
815 863 977 931 captarum
991 856 1105 917 urbium

135 944 230 1001 lornra
250 947 281 998 et
300 939 449 998 terribiles
472 940 565 998 iacies
587 940 699 1014 publici
719 945 828 999 melus.
857 938 963 999 omnia
979 946 1104 1012 moesia,

133 1023 259 1096 trepida,
275 1022 412 1081 confusa.
436 1023 606 1096 voluptates
618 1023 706 1096 ipsae
716 1023 867 1082 timentur.
890 1037 953 1084 non
966 1022 1106 1083 convivit

132 1105 232 1165 securi
244 1105 361 1178 ineunt,
376 1106 405 1163 in
418 1105 529 1180 quibus
541 1105 642 1179 lingua
655 1106 783 1167 sollicite
795 1105 885 1165 etium
897 1104 995 1166 ebriis
1006 1112 1104 1167 custo·

133 1188 244 1249 diendo
255 1195 310 1248 est.
330 1205 390 1248 non
403 1189 593 1263 spectacula,
609 1206 647 1248 ex
660 1190 771 1264 quibus
783 1187 910 1249 materie
921 1188 1061 1251 oriminis
1071 1204 1105 1251 ao

134 1272 259 1347 periculi
272 1273 434 1347 quaeritur.
463 1272 648 1347 adponentur
659 1274 729 1333 licet
742 1288 854 1346 magna
867 1270 1002 1347 inpensa
1015 1280 1048 1333 et
1060 1288 1105 1333 re-

132 1357 189 1430 giis
203 1357 314 1430 opibus
322 1363 352 1416 et
363 1356 510 1415 artificum
521 1357 681 1431 exquisitis
694 1356 883 1416 nominibus:
899 1370 993 1432 quern
1002 1362 1105 1417 lemen

101 1440 195 1501 eludi
210 1439 238 1497 in
260 1454 383 1499 carcere
398 1441 520 1499 invenlt
554 1439 641 1513 Quod
659 1440 755 1514 istud,
775 1439 807 1499 di
820 1438 910 1512 boni,
931 1439 1047 1500 malum
1060 1446 1106 1501 est

135 1522 290 1595 occidere,
320 1524 453 1593 saevire,
482 1523 626 1584 delectori
646 1539 723 1583 sono
744 1530 922 1583 catenarum
941 1529 975 1582 et
996 1522 1104 1585 civium

134 1606 234 1681 capita
249 1605 405 1675 decidere,
430 1621 623 1682 quocumque
642 1613 763 1667 ventum
779 1612 827 1666 est
841 1607 968 1667 maltum
982 1606 1104 1681 sangui·

134 1691 181 1749 nis
198 1689 341 1763 sundere,
363 1690 511 1764 adspectu
530 1707 586 1751 suo
605 1697 719 1750 terrere
732 1705 769 1749 ac
783 1690 913 1764 ingeret
946 1688 1032 1762 Quae
1045 1688 1105 1749 alia

134 1774 194 1832 vita
215 1780 312 1846 esset,
334 1774 359 1832 si
380 1773 485 1833 leones
506 1774 632 1849 ursique
653 1778 836 1849 regnarent?
865 1773 893 1833 si
909 1770 1104 1847 serpentibus

134 1856 164 1915 in
187 1873 244 1915 nos
261 1872 297 1914 nc
314 1856 530 1917 noxiosissimo
549 1858 658 1931 cuique
673 1856 793 1917 arrimnli
808 1857 933 1917 daretur
946 1860 1106 1931 potemur
1160 1857 1162 1883 ³

101 1939 187 1998 lllla
207 1939 332 1998 rationis
352 1940 489 2014 expertia
511 1947 540 1999 ei
560 1956 578 1999 a
597 1941 686 2002 nobis
708 1940 891 2000 inmanitatis
911 1938 1038 2001 cumino
1052 1939 1104 1999 da·

134 2030 233 2082 mnata
256 2021 407 2083 abstinent
427 2022 491 2081 suis
514 2031 544 2084 et
564 2031 627 2083 tuta
645 2031 693 2084 est
708 2025 797 2083 etiam
815 2024 892 2083 inter
906 2024 989 2082 ieras
1003 2021 1105 2083 simili·

135 2107 223 2167 tud0=
246 2106 355 2166 horum
377 2121 416 2165 ne
435 2122 453 2164 a
474 2107 657 2166 necessariis
681 2107 804 2182 quidem
826 2107 884 2167 sibi
906 2105 1010 2167 rabies
1032 2111 1105 2165 tem·
1173 2156 1176 2175 ,

134 2199 235 2265 perat,
260 2190 315 2250 sed
338 2199 464 2251 externa
484 2206 603 2265 suaque
625 2191 654 2249 iu
676 2206 776 2266 aequo
797 2189 902 2262 habet,
925 2204 988 2264 qno
1008 2190 1107 2264 possit
1179 2196 1180 2205 ’

134 2274 326 2333 exercitatior
347 2291 366 2334 a
386 2275 573 2348 singulorum
589 2275 735 2335 coedibus
751 2274 863 2333 deinde
876 2271 908 2333 iu
924 2272 1017 2334 exitia
1032 2288 1106 2348 geu·

136 2358 206 2416 tium
229 2373 364 2431 serpere.
394 2364 424 2417 et
443 2357 556 2418 inicere
577 2358 664 2417 tectis
685 2359 800 2432 ignem,
822 2364 956 2416 aratrum
975 2356 1107 2417 vetustis

134 2441 260 2500 urbibus
279 2441 423 2501 inducere
440 2443 603 2516 polentiam
619 2448 712 2515 putat.
733 2449 763 2500 et
778 2455 870 2500 unum
885 2438 1109 2500 occidi‘inbere

134 2530 185 2581 aut
198 2526 324 2583 alterum
340 2541 446 2598 parum
461 2526 687 2598 imperatorium
701 2525 806 2584 credit
834 2523 892 2582 nisi
907 2522 1019 2589 eodem
1031 2528 1110 2583 lem·
1180 2591 1181 2597 ἵ

136 2621 210 2679 pore
231 2621 306 2678 grex
327 2608 505 2666 miserorum
519 2608 577 2667 sub
597 2612 656 2668 ictu
676 2609 772 2680 stetit,
794 2605 1003 2667 crudelitatem
1019 2620 1111 2667 suam

103 2689 165 2751 bin
187 2687 323 2747 ordinem
345 2697 480 2748 coactam
501 2697 593 2765 putat.
631 2690 773 2751 Felicitas
794 2691 844 2750 illo
858 2688 961 2750 multis
977 2690 1111 2751 euntem

136 2773 209 2832 dare
230 2780 259 2831 et
278 2772 318 2831 ad
340 2771 429 2832 vitam
449 2774 487 2833 ab
505 2775 573 2847 ipso
595 2781 690 2834 morte
710 2788 857 2836 revocare
873 2780 903 2834 et
920 2774 1032 2833 mereri
1048 2774 1111 2834 cle·

70 2898 75 2915 .
135 2858 246 2916 mentia
267 2856 403 2917 civicam.
437 2859 550 2917 nullum
576 2867 786 2919 ornamentum
811 2855 960 2933 principis
985 2856 1112 2933 fastigio
1188 2905 1189 2919 ,

136 2939 257 3014 dignius
278 2940 497 3016 pulchriusque
518 2949 565 3002 est
585 2959 675 3016 quarn
691 2943 743 3001 illo
758 2956 873 3001 corona
888 2940 928 3000 ob
941 2938 1029 3001 cives
1044 2954 1113 3001 ser‹

137 3031 238 3082 vatos:
261 3040 321 3082 non
337 3024 456 3084 hostilia
472 3041 555 3085 arma
570 3025 704 3085 detracta
715 3024 819 3096 victis,
843 3038 904 3083 non
916 3038 1028 3084 curras
1039 3023 1114 3085 bar-

135 3106 278 3166 barorum
293 3109 441 3181 sanguine
455 3109 585 3182 cruenti,
608 3125 668 3169 non
685 3116 772 3183 parte
785 3108 865 3168 bello
880 3107 993 3182 spolio.
1025 3107 1115 3168 Haec

137 3188 238 3247 divina
261 3190 395 3263 potentia
414 3199 462 3251 est
481 3192 627 3267 gregatim
651 3207 687 3250 ac
712 3190 833 3267 publice
858 3204 1006 3251 servares
1033 3193 1116 3252 mni·

136 3279 183 3331 tos
210 3272 333 3347 quidem
358 3274 499 3334 occidere
525 3283 555 3336 et
580 3275 763 3336 indiscretos
787 3271 920 3333 incendii
944 3288 982 3335 oc
1002 3275 1118 3336 ruinae

136 3357 270 3429 [uolentia
291 3364 346 3415 esi.

515 3445 717 3453 ——a———auu
