2378 3856
162 202 205 266 84
447 202 479 261 1..
501 200 649 260 anunm
668 200 846 261 SENECAE

163 356 271 431 paucis
288 351 419 428 eratuita
435 360 494 412 ost
527 352 693 411 iraoundus
716 351 858 412 dominus
881 359 958 426 quot
983 352 1144 429 insugula

164 454 272 499 servos
291 435 380 511 orttt
405 442 485 511 quot
503 435 539 494 in
566 440 715 496 mortem!
741 444 855 509 quanto
883 433 954 509 plus
977 436 1144 499 modo

164 536 255 596 quani
272 520 304 580 id
316 526 390 592 urat,
408 519 630 594 propterquod
647 517 843 593 irascebatur,
858 516 982 579 amisit!
999 517 1143 596 drapani

163 605 285 676 luctum,
302 603 409 663 murlto
424 601 587 664 divortium
601 600 716 673 adludit,
729 601 920 676 magistratui
935 601 1056 675 odim,
1069 618 1142 669 oau-

135 687 269 749 ididuto
283 688 449 761 repulsam.
483 686 572 746 Palor
591 692 641 745 est
657 700 748 759 quam
767 685 900 754 luxuria,
922 686 1077 759 uuouitm
1090 686 1142 749 illu

163 786 221 832 sua
234 769 520 845 voluptate-imitor,
534 768 611 828 haec
626 768 725 827 alieno
736 768 858 827 doloro.
883 766 991 830 Viuoil
1002 768 1139 845 maligui-

57 866 60 873 ·
164 860 254 914 tatem
266 860 298 913 ot
310 852 470 913 invidiam:
492 851 561 911 illae
577 849 901 912 artimintelioonderi
915 853 1044 926 uolut,
1061 852 1141 913 dado

163 938 274 997 luam
306 934 525 995 illaeiortultis
539 934 627 994 malls
642 933 847 1008 delectantur,
867 934 945 995 lraor
959 950 1024 996 non
1041 944 1141 1012 poton

164 1026 345 1094 exspectare
365 1018 526 1079 fortunam.
562 1032 675 1079 nonore
688 1018 719 1076 ei
738 1032 833 1092 quoru
852 1017 932 1091 odit,
953 1034 1019 1081 aon
1037 1020 1140 1081 nodari

134 1103 235 1174 nnult.
278 1101 355 1161 Nihil
375 1108 423 1162 ost
446 1100 649 1162 simultatibus
670 1101 809 1176 grunius:
838 1100 896 1161 has
920 1101 969 1161 ira
989 1102 1140 1165 onuoiliat

163 1184 235 1244 nihil
248 1192 296 1245 ost
307 1185 389 1245 ballo
404 1184 570 1246 funestius:
587 1185 621 1244 in
635 1184 696 1245 hoo
711 1184 880 1259 potantium
898 1184 945 1245 ina
955 1185 1139 1261 promnion

158 1276 299 1330 osterum
317 1270 407 1330 etiam
428 1268 480 1328 illa
499 1268 621 1344 plebeia
640 1269 685 1327 ira
698 1275 736 1328 ot
750 1268 873 1343 ¹privata
889 1268 1009 1331 insum
1028 1276 1064 1331 ot
1076 1271 1140 1331 sine

162 1351 280 1414 viribus
299 1353 411 1413 bellurn
429 1359 485 1412 ost.
512 1353 676 1412 Praeterea
694 1353 753 1424 ira,
780 1359 815 1412 ut
831 1366 1043 1426 seponamus,
1057 1368 1140 1430 uuae

162 1451 235 1495 mox
250 1442 393 1496 secutura
406 1443 487 1507 sunt,
502 1437 623 1508 damna,
637 1435 776 1506 insidias,
794 1442 975 1510 puratum
984 1443 1139 1501 montit-

163 1518 294 1578 minlbus
315 1519 427 1578 mutuis
449 1519 698 1591 sollicitudinem,
724 1518 777 1578 dut
794 1533 915 1593 poenas
933 1518 1138 1596 dumorum.

162 1607 302 1660 naturam
313 1600 444 1661 hominis
460 1602 566 1662 eiurat.
590 1603 643 1661 illo
655 1603 685 1662 in
700 1617 834 1662 amoram
848 1601 1003 1676 hortatur,
1016 1601 1100 1665 huot
1111 1604 1138 1663 in

133 1683 275 1749 lodium.
309 1684 361 1744 illa
382 1686 534 1759 prodesse
553 1685 650 1756 iubet,
674 1684 751 1744 haee
773 1700 895 1746 nocere.
927 1684 1138 1763 Adioaquod,

163 1783 232 1826 oum
250 1767 418 1842 indignatio
433 1769 500 1828 olus
516 1767 639 1828 animio
658 1771 707 1828 sati
726 1775 875 1843 suspectu
895 1769 1019 1829 emmas
1033 1776 1067 1831 ot
1078 1769 1139 1830 ani-

163 1866 251 1909 mosa
264 1851 411 1924 videatur,
427 1853 540 1925 pusilla
554 1859 601 1910 ost
613 1859 644 1911 et
657 1859 795 1925 angusta.
812 1867 906 1912 nemo
919 1852 1003 1913 onim
1012 1868 1081 1915 non
1095 1868 1139 1924 oo,

164 1949 259 2008 aquo
270 1948 308 1993 so
323 1941 528 2009 contemptum
546 1934 677 2007 iudicat,
698 1935 798 1996 minor
818 1942 880 1994 ast:
900 1942 939 1995 at
959 1934 1011 1994 illo
1030 1936 1139 2013 ingens

164 2016 283 2076 unimus
294 2024 325 2076 ot
337 2018 614 2078 vorusaastlmttor
623 2021 673 2078 sui
684 2034 746 2078 non
756 2017 1057 2094 uindloutiniuriaru,
1072 2020 1140 2096 quia

133 2108 223 2161 enon
240 2101 339 2161 sentit.
369 2101 414 2163 ‘Ut
427 2102 494 2161 tola
511 2117 532 2160 a
545 2101 622 2161 duro
643 2101 781 2162 resiliunt
800 2107 831 2161 ot
848 2116 919 2163 aura
935 2101 1054 2164 doloro
1071 2118 1138 2165 ouo

164 2182 264 2247 dentis
276 2183 380 2245 salida
395 2185 557 2258 leniuntur,
573 2185 613 2246 ita
628 2186 710 2245 nulla
724 2201 867 2260 magnum
881 2184 1016 2246 animum
1029 2186 1140 2249 iuitrtia

163 2267 343 2329 adsensum
363 2269 412 2328 sui
427 2267 566 2343 adducit,
587 2268 723 2344 fragilior
738 2284 778 2329 ao
800 2270 886 2343 quod
898 2267 989 2344 notit
1019 2277 1139 2345 quomo

162 2351 319 2426 pulchrius
345 2352 428 2412 volut
456 2353 528 2413 nulli
552 2351 773 2428 penetrabilem
796 2353 859 2412 tolo
885 2351 986 2414 oannis
1007 2351 1139 2415 ¹iniurius

163 2436 423 2511 contumeliasque
442 2444 608 2510 respuerat
643 2434 724 2497 tillio
753 2435 868 2496 doloris
894 2437 1054 2499 confessio
1077 2444 1139 2499 out:

163 2530 223 2574 non
239 2525 429 2592 estmagnus
445 2521 580 2592 animus,
602 2534 692 2594 quam
706 2517 844 2580 inatuvat
853 2518 976 2579 iniuria.
1000 2521 1074 2583 Aut
1086 2535 1139 2595 po

163 2599 272 2658 lentior
284 2606 316 2658 te
337 2608 389 2660 aut
409 2601 579 2662 inbeoillior
599 2601 702 2662 laasitr
728 2601 757 2662 si
776 2603 959 2676 ubooillior,
979 2604 1139 2678 parodilli,

162 2681 188 2739 si
202 2682 369 2756 potentior,
382 2683 446 2744 tibi.

135 2775 148 2824 1
218 2766 270 2824 vl.
283 2765 401 2849 Nulliun
412 2774 461 2827 est
472 2775 681 2841 argumentum
693 2769 908 2843 magnitudinis
916 2769 1140 2846 oortiusquum

161 2848 236 2909 nihil
250 2865 348 2926 posse
364 2866 426 2925 quo
441 2850 593 2926 instigeris
607 2852 759 2911 aroldora.
786 2853 860 2913 Pars
875 2853 1019 2926 superior
1029 2852 1140 2915 uurndi

162 2941 192 2992 et
206 2934 373 2996 ordinatior
386 2950 422 2994 ao
439 2935 613 3011 propinqua
628 2936 780 2996 sideribus
795 2950 853 2996 neo
874 2934 904 2994 in
925 2935 1040 2997 nubam
1054 2937 1139 3012 oasi-

160 3023 210 3075 tur
231 3032 288 3076 nae
308 3017 339 3076 in
357 3026 569 3093 tempestatem
587 3019 743 3094 inpellitur
763 3034 820 3079 noo
834 3020 1030 3080 uersatur'iu
1041 3019 1139 3082 turbi·

161 3112 240 3156 nem.
270 3101 352 3159 omni
362 3104 494 3161 tumultu
508 3110 600 3162 carot
628 3102 773 3163 inferiora
792 3100 1003 3165 ulmlnantun
1024 3103 1140 3165 ondam

160 3181 253 3243 modo
278 3182 418 3267 sublimis
442 3185 577 3258 animus,
601 3186 724 3261 qualus
747 3200 873 3262 senaar
895 3192 927 3245 ot
949 3186 981 3246 ‘m
1001 3187 1139 3249 mione

160 3265 323 3339 tranquilla
337 3267 515 3351 oollo'outus,
530 3268 631 3329 omnia
641 3269 723 3329 intra
737 3286 773 3330 sa
787 3284 946 3344 promens,
963 3270 1078 3344 quihus
1093 3271 1139 3331 ira

161 3347 546 3421 connuhitur‚⁴·nnodestus
570 3359 602 3412 et
625 3353 809 3413 uenerabilis
832 3360 883 3414 ost
900 3359 933 3414 ot
951 3353 1138 3428 dispositus,

132 3436 292 3505 lquorum
307 3432 378 3495 nihil
394 3434 576 3496 invenias'in
591 3434 677 3498 irato.
709 3437 786 3511 Quis
800 3436 880 3496 onim
894 3437 1024 3499 traditus
1038 3437 1137 3501 dolori
