2378 3856
256 206 653 280 DE-TRANQUILLITATE
667 207 789 266 ANIMI.
815 217 857 270 ll.
877 218 918 270 li.
1012 209 1076 272 ’189

97 358 178 434 quid
192 357 222 416 in
236 357 330 416 ulium
344 355 483 430 incurrit,
498 356 638 431 possein
653 362 684 415 te
696 373 820 431 qnoque
831 357 995 418 incurrere.
1017 359 1070 421 Lo·

97 443 210 516 cupies
231 455 286 500 esc
309 439 455 514 numquid
475 438 598 499 divitior
611 437 798 502 Ptolemaeo?
821 441 869 512 eui
885 456 954 500 cum
969 441 1074 514 Caius,

97 530 191 585 vetus
212 528 373 596 cognatus,
398 523 516 596 hospes
536 539 652 595 novus,
679 523 1004 597 operuissetcaesaris
1020 526 1073 585 do·

98 623 198 677 mum,
213 613 248 664 ut
261 621 348 665 suam
365 605 514 678 eluderet,
531 605 628 665 defuit
642 604 746 679 panis,
762 621 852 680 aqua.
875 622 943 666 cum
959 614 1003 668 tot
1017 605 1075 687 fiu-¹

99 691 185 751 mina
199 687 421 762 possideretin·
434 705 492 748 suo
509 688 644 767 orientia,
666 688 697 747 in
712 705 770 748 suo
786 689 939 763 cadentia,
960 691 1073 750 mendi·

99 771 185 833 cavit
198 770 358 830 stillicidia.
381 771 460 830 fame
474 785 511 829 ac
527 770 576 829 siti
591 770 680 844 periit
693 763 726 830 in
734 771 850 846 palatio
861 775 989 846 cognati,
1004 774 1075 833 dum

98 855 145 915 irri
158 855 248 937 heres
263 853 525 928 publicumfunus
535 853 679 914 esurienti
692 836 981 916 focatrilonoribus
990 871 1071 917 sum·
1087 867 1115 919 il

100 940 160 998 mis
177 940 298 998 functus
310 951 364 995 es=
380 936 529 1012 numquid
544 943 596 996 aut
610 938 855 1012 tamnagnisaut
866 945 927 998 tarn
937 938 1074 1014 inspera—

100 1022 143 1082 tis
157 1028 209 1081 aui
223 1027 282 1080 tarn
298 1019 451 1080 universis
467 1036 558 1095 quam
573 1019 726 1081 Seianusf
744 1038 806 1096 quo
822 1021 872 1080 die
886 1022 970 1082 ilium
985 1038 1074 1082 sena-

100 1112 153 1165 tus
169 1104 359 1176 deduxerat,
369 1104 503 1178 populus
517 1103 547 1161 in
564 1105 661 1163 frusta
674 1104 793 1163 diuisit.»
815 1106 845 1162 in
862 1121 967 1180 quem,
991 1107 1075 1180 quic·

100 1188 181 1263 quid
201 1187 323 1260 congeri
340 1193 473 1261 poterat,
496 1187 525 1245 di
542 1186 744 1260 hominesque
758 1189 962 1260 contulerant,
984 1205 1023 1247 ex
1038 1205 1076 1249 eo

101 1271 176 1330 nihil
196 1270 360 1344 superfuit,
384 1269 470 1344 quod
483 1270 619 1328 carnifex
631 1269 771 1328 traheret.
804 1271 871 1329 Rex
885 1285 936 1329 es:
957 1287 1019 1329 non
1032 1273 1073 1332 ad
1086 1286 1118 1338 12

101 1355 249 1435 Croesum
269 1359 300 1412 te
319 1354 448 1427 mittam,
470 1352 521 1427 qui
537 1367 645 1426 rogum
666 1369 755 1411 suum
776 1358 806 1411 et
819 1353 956 1413 escendit
970 1354 1075 1415 iussus

101 1445 136 1496 et
156 1436 311 1510 exstingui
332 1436 421 1509 vidit,
448 1439 546 1496 factus
568 1451 630 1495 non
645 1450 740 1509 regno
757 1442 887 1507 tantum,
914 1436 1075 1496 sedetiam

101 1520 193 1581 rnorti
207 1535 282 1580 suae
297 1526 467 1593 superstes.
496 1534 558 1577 non
573 1518 613 1577 ed
627 1518 813 1592 Iugurtham,
835 1527 926 1592 quem
942 1521 1076 1594 populus

100 1604 260 1664 Ronanus
275 1603 354 1662 intra
366 1618 494 1676 annum,
509 1618 600 1678 quam
615 1601 772 1675 timuerat,
788 1603 948 1677 spectavit.
977 1603 1075 1664 Ptolob

101 1701 224 1747 meeum
238 1687 363 1745 Africae
376 1701 494 1760 regem,
516 1685 679 1745 Armeniae
692 1685 884 1745 Mithridaten
899 1684 976 1745 inter
992 1686 1076 1746 Caia-

102 1785 160 1830 nas
175 1769 331 1830 custodias
345 1768 501 1829 vidimuse
517 1769 592 1829 alter
606 1768 637 1827 in
652 1769 774 1830 exilium
790 1770 902 1828 missus
918 1775 979 1843 est,
1002 1771 1077 1830 alter

103 1860 137 1913 ut
151 1853 276 1913 meliore
290 1852 352 1912 fide
366 1853 545 1925 mitteretur,
572 1851 705 1927 optabat
744 1854 779 1912 In
797 1858 879 1912 tante
894 1867 995 1911 rerum
1009 1868 1075 1913 sur-

102 1951 173 1997 sum
187 1952 224 1996 ac
238 1937 383 1996 deorsum
397 1936 532 1996 euntium
545 1936 720 1996 versatione
735 1937 761 1996 si
777 1952 838 1995 non
854 1934 1000 2011 quicquid
1011 1935 1076 1996 fieri

102 2026 221 2096 potest,
237 2036 293 2095 pro
308 2019 409 2079 futuro
425 2020 536 2091 habeo,
559 2020 616 2079 das
631 2019 802 2079 interires
817 2018 910 2078 rebus
925 2019 1075 2091 adversis,

103 2118 183 2178 quas
198 2103 333 2178 infregit,
349 2102 490 2178 quisquis
505 2102 588 2177 prior
601 2101 687 2161 vidit.

52 2200 60 2227 r
163 2186 229 2245 xli.
260 2186 479 2246 Proximum
498 2184 727 2258 abhiserit‚
754 2185 1105 2259 neautinsnper·l

102 2269 320 2330 vacuisaut
336 2283 640 2342 exsupervacuo
656 2268 891 2341 laboremus,
914 2267 1022 2338 idest,
1038 2282 1076 2325 ne

104 2367 186 2428 quae
209 2358 344 2413 autnon
359 2367 526 2427 possumus
542 2351 704 2425 consequi,
729 2351 999 2424 concupiscamus,
1026 2356 1078 2408 aut

103 2434 390 2509 adeptirvanitatem
413 2432 619 2509 cupiditatium
639 2444 812 2494 nostrarum
827 2449 897 2492 sero
916 2439 987 2508 posi
1001 2433 1076 2492 rnul-

103 2526 167 2579 tum
182 2519 332 2593 pudorem
346 2518 575 2592 intellegamus,
585 2516 616 2576 id
629 2523 684 2590 est,
700 2533 739 2576 ne
754 2525 806 2578 aut
821 2517 906 2577 labor
919 2518 1025 2578 inritus
1038 2517 1078 2576 sit

104 2595 173 2662 sine
196 2601 309 2663 effectu
331 2608 382 2662 aut
402 2601 531 2662 effecius
546 2600 650 2661 labore
668 2601 821 2675 indignus.
850 2601 928 2661 Fere
942 2601 1020 2660 enim
1038 2616 1076 2659 ex

102 2685 153 2745 his
175 2685 212 2744 tri
232 2686 295 2761 titia
316 2687 468 2760 sequitur,
487 2684 515 2745 si
534 2691 585 2745 aut
601 2701 661 2745 non
677 2686 828 2746 successit
842 2692 894 2746 aut
910 2699 1076 2746 successus

104 2769 209 2844 pudet.
233 2768 552 2829 Circumcidenda
568 2769 830 2842 concursatio,
846 2770 945 2843 qualis
956 2774 1075 2828 estma·
1092 2770 1109 2820 2

103 2867 184 2927 gnae
210 2849 287 2924 parti
313 2851 468 2911 hominum
490 2853 599 2912 domos
615 2858 645 2910 et
658 2852 776 2911 theatra
790 2859 820 2910 et
833 2852 901 2910 fora
917 2865 1076 2924 pererran-

105 2934 188 2996 tium.
213 2933 319 2992 alienis
335 2950 370 2994 se
384 2935 514 3008 negotiis
530 2932 676 3005 offerunt,
695 2941 816 3007 semper
827 2931 943 3006 aliquid
957 2931 1078 3006 agenti-

104 3019 164 3078 bus
174 3015 306 3082 ,similee
323 3017 437 3076 Horum
455 3016 482 3075 si
496 3017 627 3090 aliquem
643 3021 804 3075 exeuntem
817 3030 834 3073 e
846 3015 936 3075 domo
950 3015 1076 3074 interro-

105 3100 244 3176 gaveris:
260 3145 278 3172 ‚‚
288 3109 349 3174 quo
361 3106 415 3159 tur
435 3099 510 3174 quid
520 3097 683 3172 cogitare<
698 3098 897 3172 respondebit
909 3098 973 3158 tibi=
989 3113 1077 3173 „non

105 3184 297 3247 mehercules
322 3183 404 3244 scio:
431 3184 488 3243 sed
513 3183 634 3258 aliquos
658 3181 787 3256 videbo,
812 3181 928 3257 aliquid
953 3185 1077 3257 agam.“

106 3267 180 3331 Sine
192 3268 356 3343 proposito
373 3274 520 3341 vagantur
535 3272 716 3341 quaerentes
731 3265 852 3342 negotia
867 3282 924 3327 nec
934 3281 1013 3341 quae
1025 3266 1110 3328 ded

105 3346 295 3416 suanuerunt
305 3358 414 3427 agunt,
427 3350 525 3410 sedin
538 3364 617 3426 quae
629 3351 864 3412 incucurrerunt.
887 3349 1076 3410 inconsultus

104 3432 340 3513 itrisaanusque
356 3451 466 3496 cursus
484 3440 545 3506 est,
562 3434 660 3507 qualis
676 3433 811 3494 formicis
827 3449 882 3507 per
895 3433 1019 3492 arbusta
1029 3447 1076 3492 re·
