2378 3856
228 195 330 254 ulna.
353 196 404 256 lll.
433 195 485 255 DE
505 195 574 255 IRA
595 197 667 256 LlB.
688 198 709 254 1.
734 203 864 260 16—18.
998 198 1041 262 49

59 362 114 409 nes
131 363 273 424 quoque,
289 348 319 407 in
336 348 447 423 qulbus
463 347 537 408 solis
554 363 650 422 opera
663 347 838 409 iracundiae
854 348 973 411 videtur
988 368 1039 412 ce·
1115 345 1120 349 ’

60 432 212 505 cessaria,
226 433 320 492 multo
336 447 390 506 per
403 447 438 489 se
452 431 529 491 ratio
546 429 651 491 sortior
666 438 734 491 estl
756 448 826 491 nam
842 447 910 492 cum
925 434 1039 494 iudica-

57 515 101 575 vit
115 514 231 589 aliquid
245 514 431 586 iaciendum,
447 515 477 573 in
489 530 527 575 eo
540 523 730 589 perseverat
752 515 824 578 nibil
839 514 919 574 enim
931 519 1038 578 melius

58 599 219 665 inventura
233 604 281 658 est
296 612 331 658 se
345 597 431 672 ipsa,
449 615 512 673 quo
527 604 665 657 mutetur.
695 598 765 658 ideo
782 606 842 663 slat
856 600 949 658 semel
967 617 1037 660 con·

58 682 187 742 stitutis=
208 681 284 740 iram
304 696 399 755 saepe
420 681 630 742 misericordia
648 688 731 742 retro
752 682 821 754 egit.
848 682 941 743 habet
960 683 1069 743 enimt

59 780 122 827 non
148 764 280 826 solidum
305 764 414 837 robur,
443 765 499 824 sed
526 780 637 823 vanum
661 771 810 824 tumorem
837 766 1040 842 violentisque

57 847 216 923 principiis
236 848 341 919 utitur,
365 864 426 907 non
448 847 533 907 aliter
554 861 644 921 quam
666 847 718 921 qui
738 856 856 908 eterra
871 848 952 909 venti
973 866 1039 910 sur-

57 939 134 1005 gunt
154 939 184 991 et
203 930 379 996 fluminibus
393 929 620 1007 paludibusque
636 930 777 1005 concepti
792 932 858 992 sine
874 933 1041 1006 pertinacia

57 1015 256 1075 vehementes
277 1022 363 1075 sunt=
389 1015 495 1089 incipit
520 1030 630 1088 magno
650 1015 770 1089 inpetu,
794 1014 905 1075 deinde
929 1017 1068 1076 deiecit5

58 1106 128 1159 ante
149 1105 269 1172 tempus
291 1099 428 1172 fatigata,
450 1106 495 1171 et,
508 1113 597 1176 quae
612 1096 685 1156 nihil
706 1097 788 1157 aliud
802 1114 894 1172 quam
909 1099 1039 1159 erudeli-

57 1188 149 1241 tatem
160 1196 197 1241 ac
212 1198 294 1242 nova
307 1196 421 1255 genera
436 1197 604 1255 poenarum
617 1186 802 1253 versaverat,
820 1197 889 1241 cum
903 1183 1038 1242 animad-

57 1266 237 1325 vertendum
250 1272 305 1337 est,
321 1265 380 1324 iam
396 1264 463 1336 [ira]
477 1266 572 1323 tracta
586 1262 727 1337 lenisque
741 1269 797 1322 est.
818 1264 967 1324 Adfectus
980 1266 1039 1325 cito
1073 1264 1075 1269 '

59 1347 155 1422 cadit,
171 1348 309 1422 aequalis
325 1353 373 1407 est
386 1347 474 1408 ratio.
505 1347 644 1406 Ceterum
659 1345 749 1405 etiam
763 1345 816 1405 ubi
830 1350 1069 1422 perseveravitd

56 1431 118 1505 ira,
143 1446 387 1504 nonnumquam,
409 1430 554 1503 sipiares
576 1435 648 1488 sunt
668 1428 720 1504 qui
740 1431 841 1504 parire
855 1439 1039 1504 meruerunt,

58 1522 133 1589 post
152 1516 283 1574 duorum
303 1514 431 1572 triumve
447 1512 629 1588 ‚sanguinem
646 1513 787 1572 occidere
804 1513 924 1574 desinit.
952 1515 1040 1589 primi

57 1599 126 1658 eius
147 1597 335 1657 ictus·acres
356 1603 442 1668 sunt,
463 1597 543 1658 sicut
564 1597 750 1671 serpentium
773 1612 890 1657 venena
911 1598 1042 1663 acubili
1143 1605 1145 1610 '

57 1682 247 1755 erepentium
269 1687 394 1752 nocent,
417 1679 534 1743 innoxii
557 1683 664 1741 dentes
685 1686 772 1753 sunt,
798 1697 868 1740 cum
888 1681 957 1741 illos
979 1683 1037 1741 ire-

59 1779 158 1838 quens
174 1781 295 1825 morsus
310 1764 465 1824 exhausit:
481 1780 554 1839 ergo
570 1780 630 1825 non
647 1762 733 1840 paria
747 1763 903 1838 patiuntur
918 1766 970 1838 qui
985 1772 1066 1840 pal
1171 1766 1172 1770 ’

57 1846 105 1905 ria
119 1849 348 1921 commiserunt,
370 1855 400 1908 et
420 1862 515 1923 saepe
531 1849 582 1922 qui
598 1847 697 1911 minus
712 1847 877 1919 commisit,
899 1849 969 1922 plus
985 1865 1038 1924 pa-

57 1930 143 2004 titur,
160 1933 230 2005 quia
245 1931 406 1992 recentiori
422 1930 560 1993 obiectus
577 1939 639 1991 est:
662 1938 693 1991 et
712 1932 743 1990 in
758 1937 853 1991 totum
868 1931 1038 2006 inaequalis

57 2019 121 2072 est:
136 2015 227 2074 modo
242 2015 320 2074 ultra
336 2030 427 2088 quam
441 2022 563 2088 oportet
577 2015 723 2088 excurrit,
737 2015 831 2075 modo
847 2016 970 2076 citerius
986 2016 1038 2075 de·

56 2095 121 2155 bito
141 2097 263 2156 resistit.
293 2098 352 2157 sibi
369 2098 449 2157 enim
469 2097 606 2173 indulget
627 2105 716 2158 etex
736 2096 861 2157 libidine
881 2099 995 2159 iudicat
1009 2106 1040 2157 et

57 2179 165 2238 audire
185 2196 247 2240 non
266 2179 332 2239 vult
351 2187 382 2239 et
403 2181 570 2255 patrocinio
591 2197 653 2240 non
673 2181 817 2254 relinquit
837 2182 937 2240 locum
952 2189 983 2242 et
1002 2196 1039 2239 ea

55 2269 141 2323 tenet
162 2277 240 2337 quae
261 2262 373 2322 invasit
392 2272 422 2323 et
441 2264 516 2338 eripi
537 2262 595 2325 sibi
615 2263 760 2324 iudicium
781 2279 886 2336 suurn,
907 2263 1037 2323 etiamsi

56 2362 187 2420 pravum
202 2352 263 2416 est,
280 2361 341 2404 non
356 2344 436 2407 sinit.
607 2411 609 2415 ,

120 2429 233 2488 XVIII,
253 2429 343 2490 Ratio
357 2429 476 2503 utrique
492 2430 569 2504 parti
584 2436 703 2503 tempus
720 2430 779 2488 dat.
811 2429 922 2487 deinde
943 2429 1065 2493 advo-1

58 2512 208 2573 cationem
229 2520 260 2573 et
279 2512 338 2573 sibi
364 2513 454 2587 petit,
480 2520 513 2573 ut
537 2512 738 2573 excutiendae
765 2511 881 2572 veritati
905 2511 1037 2586 spatium

56 2595 183 2657 habeat:
204 2596 249 2655 ira
270 2598 399 2656 festinat.
431 2596 507 2656 ratio
529 2596 560 2656 id
575 2597 710 2658 iudicare
727 2598 789 2656 vult
803 2596 888 2670 quod
906 2611 1038 2670 aequum

57 2687 119 2739 est=
133 2682 179 2739 ira
193 2681 224 2738 id
239 2696 370 2754 aequum
386 2679 482 2740 videri
499 2681 583 2757 [non]
598 2681 662 2740 vult
678 2681 760 2755 quod
775 2680 930 2743 iudicavit.
950 2680 1037 2739 Ratio
1050 2692 1066 2743 a

58 2761 99 2821 nil
122 2769 241 2838 praeter
261 2764 362 2836 ipsum
376 2764 415 2824 de
431 2779 492 2839 quo
509 2763 606 2838 agitur
622 2771 755 2838 spectat=
778 2764 823 2822 ira
838 2764 924 2823 vanis
940 2770 971 2822 et
985 2779 1052 2822 ex·-

57 2852 104 2906 tra
124 2863 248 2906 eausam
270 2847 503 2907 obversantibus
526 2855 743 2907 commovetur.
775 2847 876 2906 voltus
893 2847 973 2905 illam
990 2860 1037 2904 se-

58 2931 176 3003 curior,
194 2945 255 2988 vox
269 2931 393 3003 clarior,
410 2945 511 2989 sermo
528 2930 664 3002 liberior,
681 2931 780 2989 cultus
796 2927 967 3001 delicatior,
984 2927 1037 2986 ad-

57 3013 178 3075 vocatio
200 3011 403 3085 ambitiosior,
426 3014 513 3072 lavor
533 3011 692 3085 popularis
715 3017 909 3085 exasperant.
943 3025 1039 3085 saepe

56 3096 167 3157 infesta
188 3103 423 3171 petrocoreum
445 3096 581 3168 damnat,
607 3096 696 3154 etiam
722 3094 749 3154 si
773 3092 919 3169 ingeritur
940 3092 1038 3155 oculis

55 3182 185 3254 veritas,
207 3187 286 3238 amat
306 3186 337 3238 et
356 3185 456 3239 tuetur
476 3193 620 3238 errorem.
650 3179 774 3253 coargui
796 3195 856 3238 non
872 3179 938 3238 vult
957 3184 988 3238 et
1008 3178 1037 3237 in
1084 3175 1086 3180 ’

56 3267 134 3324 male
155 3263 274 3339 coeptis
294 3262 453 3322 honestior
471 3261 513 3321 illi
534 3262 700 3337 pertinacia
720 3262 838 3322 videtur
859 3279 951 3337 quam
964 3277 1038 3337 poe-

56 3347 190 3407 nitentia.
219 3347 271 3407 Cn.
287 3346 358 3406 Piso
380 3346 435 3405 iuit
454 3347 599 3406 memoria
618 3353 724 3406 nostra
744 3345 791 3404 vir
810 3341 948 3405 amultis'
959 3342 1068 3403 vitiisa

56 3430 190 3504 integer,
211 3430 268 3490 sed
288 3446 403 3504 pravus
426 3437 455 3489 et
470 3430 518 3488 cui
534 3430 674 3504 placebat
690 3446 744 3505 pro
761 3428 932 3488 constantia
946 3426 1038 3500 rigor.

101 3532 203 3570 sunnon
216 3521 285 3570 ruri.
300 3517 319 3570 I.
339 3560 342 3566 .
818 3522 836 3569 4
