2378 3856
94 201 181 267 ,290
410 202 444 261 L.
463 201 609 263 nonant
630 200 806 265 SENECAE

120 357 298 425 sustinuat,
316 362 347 413 et
360 354 525 426 severitas,
540 355 625 428 quod
636 351 801 417 maximum
809 368 837 419 ,rt
917 352 1096 433 iiunrhnittt

88 441 106 496 3
119 439 302 501 adsiduitate
324 437 429 497 amittit
448 436 666 499 anctoritatem.
701 436 866 503 constitum
879 454 990 503 nonos
1003 456 1095 505 moret

120 522 234 583 civitati
252 519 396 596 princeps
411 528 442 581 ct
456 519 608 583 vitiosius
624 520 743 585 facilius
757 518 915 596 neptium,
939 522 970 583 si
982 522 1094 599 patient

119 621 225 666 eorum
245 612 306 677 est,
328 621 389 664 nun
410 612 562 680 tamquam
585 605 709 678 proptr,
732 603 789 665 sod
809 610 976 680 unquam
989 604 1093 671 mrim

120 696 150 749 ct
164 704 233 749 cum
247 704 359 763 magno
371 694 520 749 tormento
531 688 571 751 ud
584 687 796 763 castigandum
809 686 932 753 vomat:
952 705 1093 753 versem

120 773 201 833 diam
214 772 363 847 peccandi
374 772 445 831 iacit
457 770 848 847 ipsactcmentiareguutis.
868 772 1094 846 parternum

120 871 220 931 poena
237 857 369 925 videtur,
392 870 473 929 quoe
487 857 581 916 omiti
596 856 660 919 viro
675 854 878 917 constituitur.
995 864 998 868 ·

88 991 102 1041 ι
179 980 285 1039 ΧΧΙΙΙ.
319 978 479 1038 Praeterea
505 980 623 1040 videbis
649 995 687 1043 ea
709 994 806 1056 saepe
824 980 996 1061 committi,
1023 996 1093 1059 quor

119 1078 214 1137 saepe
229 1061 429 1122 vindicantur.
457 1061 545 1123 Pater
560 1069 629 1123 tuus
646 1064 748 1139 plures
762 1061 839 1124 intra
852 1064 1092 1143 quinquennium

61 1190 81 1217 .,
119 1148 206 1206 culeo
229 1147 336 1221 insuit,
359 1162 451 1223 qnam
472 1145 612 1206 erunibus
634 1146 747 1211 seculis
767 1146 887 1209 insutos
908 1150 1091 1229 occepimus

119 1232 212 1291 mutto
238 1230 337 1290 minus
364 1229 519 1291 audebant
543 1229 628 1290 liberi
654 1232 741 1292 netas
765 1228 902 1293 ultimum
927 1230 1092 1305 admittere,

119 1316 263 1391 quamdiu
285 1314 352 1375 sine
372 1315 441 1391 iege
462 1314 574 1373 crimen
597 1315 659 1376 tuit.
687 1330 807 1377 summa
825 1316 909 1376 enim
933 1316 1092 1395 prudentia

118 1399 256 1459 altissimi
273 1398 327 1457 viri
344 1405 373 1458 et
387 1414 488 1458 rerum
504 1406 628 1459 naturae
646 1398 819 1474 peritissimi
830 1400 1007 1462 maluerunt
1017 1402 1092 1463 vetut

118 1482 295 1543 incredibile
316 1483 418 1541 scelus
439 1489 469 1542 et
487 1483 566 1542 ultra
586 1482 745 1543 audaciam
767 1482 902 1558 positum
928 1483 1093 1563 praeterire

86 1576 224 1642 uquam,
248 1567 321 1626 dum
335 1565 502 1639 vindicant,
526 1566 689 1626 ostendere
705 1566 886 1641 possedert.
908 1562 1091 1645 ituquepur·

118 1650 232 1710 ricidac
253 1665 271 1709 a
293 1649 361 1725 iege
384 1657 552 1724 coeperunt
566 1655 597 1709 ct
616 1649 675 1711 iilis
691 1651 809 1710 iacinus
824 1666 928 1727 poena
943 1658 1091 1713 monstra-

117 1735 168 1793 vit.
195 1733 331 1809 pessimo
347 1749 420 1793 vero
436 1734 504 1794 ioco
521 1733 617 1808 piems
634 1733 702 1808 init,
719 1740 883 1809 postquam
898 1735 1028 1811 saepius
1042 1750 1092 1794 cu·

117 1819 182 1876 lcos
200 1817 329 1876 vidimus
345 1832 434 1891 quam
455 1831 573 1876 cruces.
606 1816 639 1877 In
656 1833 717 1892 qua
732 1814 853 1877 civitate
865 1832 938 1879 raro
952 1816 1093 1881 homines

119 1898 298 1974 puniuntur,
322 1901 350 1958 io
373 1915 410 1959 ea
430 1914 601 1959 consensus
622 1901 656 1961 tit
668 1898 861 1963 innocentiae
874 1906 905 1961 et
918 1899 1092 1977 indulgetur

119 1983 201 2042 velut
222 1983 344 2058 publico
365 1982 457 2042 buno.
488 1990 575 2058 putet
600 1983 848 2046 seinnocentem
869 1998 943 2045 esse
968 1976 1091 2047 civiiasa

118 2066 182 2126 erit.
205 2067 302 2141 magis
314 2065 1092 2145 irasceturacommunifrugalitatedesctscentihus,

118 2151 144 2210 si
161 2167 278 2226 paucos
294 2167 348 2211 eos
364 2166 435 2211 esse
451 2150 567 2210 viderit.
604 2149 812 2212 Periculosum
826 2156 883 2226 est,
902 2149 979 2211 mihi
989 2152 1092 2227 credo,

118 2235 282 2295 ostendere
298 2235 422 2308 civitati,
445 2241 558 2310 quanto
573 2235 677 2311 piures
692 2232 763 2294 niati
779 2232 848 2294 sint

86 2371 101 2422 1
178 2361 283 2420 xxiv.
305 2361 392 2422 Dicta
403 2360 657 2435 estatiquandoa
672 2367 781 2420 senatu
793 2359 961 2423 sententiaa
980 2368 1091 2423 ntser·

116 2460 174 2503 vos
189 2459 208 2504 a
222 2443 325 2504 liberis
342 2444 441 2505 cuitus
456 2443 664 2518 distingueret
693 2440 806 2503 deiude
819 2443 977 2518 adparuit,
993 2459 1091 2519 quon·

117 2534 179 2585 tum
202 2528 368 2602 periculum
391 2528 563 2602 inmineret,
592 2525 621 2587 si
640 2525 721 2588 servi
743 2526 839 2588 nostri
853 2540 1092 2591 numeraremus

118 2609 309 2683 coepissent=
338 2611 418 2669 idem
439 2609 516 2672 scito
538 2610 733 2671 metuendum
753 2625 840 2683 esso,
867 2610 897 2671 si
915 2610 989 2671 uuiti
1002 2610 1092 2685 teno-

118 2689 219 2752 scitur.
243 2692 302 2752 cito
315 2691 488 2767 adparebit,
505 2709 576 2769 pars
588 2694 717 2754 civitatis
729 2693 863 2755 deterior
873 2699 989 2769 quanto
1002 2708 1092 2770 pruo-

116 2783 230 2851 gravet.
267 2775 333 2836 Non
353 2777 453 2836 minus
472 2778 601 2853 principi
622 2778 723 2852 turpia
745 2783 817 2840 sunt
831 2775 1095 2853 muitnsuppiicio

118 2877 208 2935 quam
231 2861 350 2923 mcdica
372 2864 465 2922 multa
485 2863 600 2921 funera.
629 2859 790 2923 remissius
804 2860 1093 2936 imperanti-meiius

85 2957 102 3010 n
117 2952 248 3020 paretur.
280 2944 392 3006 Natura
407 2953 570 3006 contumax
581 2953 629 3006 cst
640 2945 791 3007 humanus
801 2945 921 3006 animus
930 2950 964 3004 et
973 2943 1005 3003 iu
1017 2960 1092 3007 con·

116 3028 240 3089 crarium
261 3036 353 3103 atque
373 3029 504 3090 arduum
525 3029 623 3088 nitens
644 3029 844 3105 sequiturque
860 3026 982 3089 iociiius
996 3044 1093 3103 quum

117 3111 243 3171 ducitur.
277 3120 308 3171 et
327 3121 360 3175 ut
379 3114 522 3188 generosi
543 3119 635 3187 atque
655 3111 775 3173 nobiles
790 3110 864 3187 equi
882 3109 993 3175 meiius
1009 3112 1093 3173 facili

117 3194 201 3255 freno
222 3203 381 3269 reguntur,
404 3197 445 3257 ita
466 3196 653 3256 clementiam
666 3194 843 3256 voluntario·
854 3191 1033 3257 innocentio
1048 3196 1094 3256 in-

118 3287 187 3355 petu
209 3295 267 3340 suo
291 3279 429 3355 sequitur
448 3287 478 3339 et
498 3279 619 3354 dignam
634 3287 720 3355 putat
734 3279 856 3348 civitas.
879 3292 972 3354 quum
986 3288 1096 3341 servet

86 3361 181 3422 isibi.
217 3363 290 3424 Pius
311 3365 413 3438 itaque
435 3363 494 3423 hac
515 3363 565 3423 via
587 3363 752 3439 proficitur.
780 3362 945 3423 crudelitas
965 3361 1095 3422 minime

115 3446 279 3508 humanum
293 3448 404 3525 maium
417 3455 467 3517 ‚est
479 3446 698 3524 indignumque
710 3454 771 3508 tum
782 3444 844 3506 miti
856 3443 970 3505 animo.
992 3444 1094 3507 terina
