2378 3856
164 218 206 278 36
457 217 489 274 L.
512 215 658 273 ANNAEI
681 215 857 276 SENECAE

164 387 275 445 agens,
302 368 393 429 loeda
407 369 477 427 visu
498 376 528 428 et
552 368 705 428 horrenda
731 369 826 430 iacies
851 369 1088 447 depravantium
1117 388 1154 432 se

134 463 255 528 satque
270 452 543 512 intumescentium.
584 452 710 512 Nescias
733 459 830 512 utrum
851 455 949 529 magis
967 454 1153 519 detestabile

164 539 267 596 vitium
283 537 371 595 sitan
388 536 534 596 deforme.
567 543 669 596 cetera
690 535 760 596 licet
778 538 972 599 abscondere
992 546 1023 598 et
1043 538 1073 599 in
1097 540 1154 600 ab·

163 621 227 681 dito
244 621 341 680 alere:
358 620 403 679 ira
418 635 453 680 se
467 620 584 694 profert
597 627 627 680 et
640 620 671 679 in
686 620 795 681 faciem
810 621 873 682 exit
892 629 1071 698 quantoque
1087 639 1152 683 ma·

162 704 225 775 ior,
248 704 307 764 hoc
323 701 496 764 effervescit
517 702 716 765 manifestius.
752 703 820 764 Non
845 706 934 765 vides
957 713 992 767 ut
1014 707 1153 768 omnium

163 788 352 860 animalium,
378 788 465 847 simul
487 788 712 848 aduocandum
729 789 976 864 insurrexerunt,
1004 805 1152 866 praecur—

163 881 232 933 rant
246 881 337 932 notae
353 887 390 930 ao
404 880 467 930 tota
482 887 614 947 corpora
629 874 751 932 solitum
768 873 966 949 quietumque
986 874 1170 948 egredian·

134 960 211 1017 titur
225 957 357 1016 habitum
373 956 564 1015 alteritatem
580 972 668 1016 suam
682 964 887 1031 exasperentl
908 965 1052 1033 spumant
1063 960 1153 1034 apris

164 1057 232 1111 ora,
262 1041 368 1099 dentes
385 1046 535 1099 acuuntur
550 1039 674 1111 adtritu,
697 1046 853 1101 taurorum
868 1057 985 1103 cornua
998 1042 1155 1104 iactantur

164 1126 193 1183 in
208 1139 338 1183 vacuum
355 1131 385 1182 et
399 1140 493 1183 arena
515 1125 606 1198 pulsu
628 1125 739 1200 pedum
760 1126 930 1199 spargitur,
956 1128 1063 1186 leones
1092 1128 1154 1187 tre-

164 1217 262 1280 munt,
278 1206 422 1267 inflantur
436 1207 564 1267 inritatis
579 1209 659 1268 colla
673 1209 885 1283 serpentibus,
906 1210 1083 1270 rabidarum
1100 1228 1152 1272 ca-

163 1309 236 1353 num
250 1293 345 1352 tristis
361 1293 528 1366 adspectus
544 1299 605 1351 est:
629 1293 744 1353 nullum
759 1300 807 1352 est
820 1294 931 1353 animal
946 1299 1007 1353 tam
1020 1293 1152 1354 horren—

165 1379 236 1437 dum
251 1384 374 1451 tamque
390 1377 595 1449 perniciosum
611 1385 732 1449 natura,
751 1384 861 1438 utnon
877 1376 1025 1452 adpareat
1039 1377 1070 1437 in
1087 1379 1151 1454 illo,

136 1470 151 1523 7
165 1461 255 1520 simul
271 1460 316 1519 ira
330 1460 457 1532 invasit,
474 1476 555 1520 nova
570 1460 697 1521 feritatis
713 1461 863 1521 accessio.
897 1459 960 1520 Nec
974 1463 1086 1536 ignoro
1101 1479 1152 1524 ce-

163 1553 247 1604 teros
263 1558 389 1619 quoque
404 1543 545 1604 adlectus
559 1545 611 1602 vix
626 1545 781 1617 occultari,
799 1544 955 1605 libidinem
970 1551 1150 1622 metumque

164 1636 194 1687 et
214 1627 375 1687 audaciam
398 1627 480 1686 dare
494 1628 542 1687 sui
563 1627 651 1701 signa
671 1634 702 1686 et
721 1643 817 1703 posse
838 1629 1012 1703 praenosci.
1045 1645 1152 1706 neque

162 1713 243 1770 enim
258 1712 320 1772 ulla
334 1709 542 1771 vehementior
557 1712 634 1770 intra
649 1711 792 1786 cogitatio
808 1713 888 1791 [est],
904 1729 984 1788 quac
995 1712 1072 1774 nihil
1084 1730 1150 1775 mo-

162 1804 234 1855 veat
248 1797 278 1855 in
293 1797 387 1856 voltu.
421 1796 493 1869 quid
509 1811 582 1869 ergo
598 1796 744 1856 interestt
771 1796 855 1872 quod
869 1797 918 1860 alii
933 1797 1075 1858 adlectus
1094 1799 1149 1858 ad·

165 1886 283 1955 parent,
299 1879 349 1939 hic
364 1879 484 1939 eminet.

138 1977 151 2028 t
226 1965 262 2024 ll.
285 1966 348 2024 lam
363 1980 436 2024 vero
453 1965 479 2024 si
494 1963 622 2024 effectus
645 1965 713 2023 eius
734 1964 907 2037 damnaque
927 1964 1038 2024 intueri
1060 1964 1149 2041 velis,

165 2050 247 2109 nulia
261 2047 359 2124 pestis
373 2047 506 2108 humano
521 2047 625 2123 generi
640 2048 737 2122 pluris
751 2046 842 2108 stetit.
884 2046 1014 2107 Videbis
1031 2042 1146 2108 caedes

165 2149 201 2192 ac
214 2149 334 2193 venena
348 2139 379 2193 et
392 2149 513 2193 reorum
529 2139 649 2192 mutuas
671 2131 781 2191 sordes
802 2139 833 2191 et
852 2129 972 2191 urbium
995 2132 1104 2192 clades
1118 2138 1148 2198 et

163 2224 294 2278 totarum
309 2215 401 2286 exitia
415 2218 548 2292 gentium
566 2223 597 2275 et
611 2215 783 2290 principum
804 2215 862 2275 sub
885 2215 966 2274 civili
986 2215 1079 2275 hasta
1099 2230 1147 2276 cu-

164 2303 228 2377 pita
241 2300 360 2361 venalia
375 2310 406 2360 et
419 2301 574 2360 subiectas
589 2298 677 2360 tectis
693 2300 777 2358 laces
792 2314 850 2358 neo
864 2300 945 2358 intra
958 2299 1083 2359 moenia
1096 2312 1147 2358 co-

165 2387 276 2446 ercitos
288 2385 385 2460 ignes,
400 2386 457 2444 sed
471 2384 603 2458 ingentia
618 2383 718 2458 spatia
731 2383 891 2457 regionum
904 2382 1009 2443 hostili
1024 2382 1147 2444 flamma

136 2469 338 2528 trelucentia.
361 2469 498 2544 Adspice
509 2467 767 2527 nobilissimarum
782 2466 935 2526 civitatum
951 2466 1147 2527 fundamenta

165 2553 218 2611 vix
239 2551 398 2611 notabilia:
423 2553 480 2612 has
500 2551 546 2611 ira
566 2551 685 2610 deiecit.
727 2550 854 2624 adspice
883 2549 1066 2611 solitudines
1092 2564 1148 2626 per

166 2638 259 2697 multa
279 2635 361 2696 milia
382 2637 448 2696 sine
468 2635 638 2694 habitatore
662 2634 817 2693 desertas:
842 2633 899 2693 has
924 2635 969 2694 ira
993 2633 1146 2694 exhausit.

165 2719 294 2794 adspice
308 2726 352 2780 tot
366 2718 530 2781 memoriae
544 2717 686 2792 proditos
701 2718 813 2789 duces,
836 2718 906 2777 mali
921 2719 1065 2793 exempla
1078 2718 1146 2778 lati:

165 2804 257 2865 alium
271 2802 317 2864 ira
330 2803 361 2864 in
377 2803 467 2865 cubili
482 2816 539 2862 suo
556 2801 701 2873 confodit,
716 2800 808 2860 aliurn
822 2800 900 2861 intra
915 2817 1005 2862 sacra
1021 2815 1147 2862 mensae

166 2891 231 2950 iura
251 2888 419 2963 percussit,
432 2886 522 2946 alium
538 2886 616 2943 intra
629 2885 714 2957 leges
730 2884 922 2960 celebrisque
936 2888 1147 2961 spectaculum

166 2974 223 3035 lori
240 2971 418 3042 lancinavit,
440 2970 531 3031 aliurn
546 2967 600 3025 tilii
615 2967 779 3042 parricidio
794 2969 868 3029 dare
888 2969 1069 3044 sanguinem
1084 2968 1145 3030 ius·

166 3057 213 3130 sit,
229 3057 321 3116 alium
335 3053 439 3115 servili
454 3067 545 3110 manu
558 3053 691 3125 regalem
703 3053 824 3126 aperire
841 3052 992 3128 iugulum,
1008 3053 1102 3114 alium
1116 3054 1146 3112 in

138 3139 274 3200 Scruces
292 3137 427 3198 membra
441 3133 613 3193 diffindere.
646 3142 676 3194 et
696 3134 796 3196 adhuc
817 3136 1009 3213 singulorum
1028 3135 1147 3214 suppli·

167 3223 335 3282 cinnamo:
359 3219 446 3293 quid,
461 3217 515 3277 tibi
532 3216 558 3277 si
573 3218 692 3278 libuerit
706 3220 819 3280 relictis
833 3219 864 3280 in
881 3236 960 3296 quos
976 3221 1021 3280 ira
1036 3221 1147 3282 viritim

167 3308 297 3378 exarsit,
320 3301 482 3378 adspicere
497 3317 605 3362 caesas
620 3303 721 3377 gladio
738 3305 903 3364 conciones
919 3310 950 3364 et
963 3304 1087 3378 plebem
1103 3305 1146 3363 in·

167 3391 262 3450 misso
283 3385 376 3446 milite
397 3386 636 3446 contrucidatam
658 3394 689 3447 et
707 3388 737 3446 in
758 3386 924 3462 perniciem
938 3388 1145 3463 promiscuam

167 3480 248 3533 totos
262 3468 397 3547 populos
419 3468 527 3544 capitis
549 3470 661 3531 damna
683 3485 796 3546 passos
815 3470 879 3511 ***
