2378 3856
256 211 898 303 amumfflfflmmm
1023 211 1066 276 m

88 362 374 423 Circumscribenda
383 361 485 422 multis
499 361 600 422 modis
614 360 660 422 ira
674 370 731 422 est.
755 364 903 440 pleraque
917 365 947 424 in
961 367 1063 427 lusum
1078 372 1095 424 a

88 447 250 520 iocumque
268 452 432 505 vertantur.
465 443 622 506 Socratem
637 446 721 506 aiunt
734 447 868 522 colapho
879 465 1064 523 percussum

87 529 161 589 nihil
175 529 308 604 anrplius
322 527 543 604 dixissequam
556 531 737 604 „molestum
751 546 843 603 esse,
862 534 947 607 quod
962 534 1061 593 nesci-

87 620 155 675 rent
164 613 315 686 homines,
333 612 457 687 pando
473 625 544 672 cum
555 614 644 688 galea
658 612 785 687 prcdire
796 614 974 680 deberent.“
995 617 1094 676 Nono

88 696 345 772 quemadmodum
358 696 438 756 lacta
449 697 488 756 sil
500 695 611 756 iniuria
622 697 725 771 relert,
739 697 796 757 sed
804 699 1062 773 quemadmodum

87 784 157 840 lata.
186 795 243 839 nec
259 780 348 841 rideo
363 795 459 855 quare
474 778 607 840 difficilis
626 781 666 839 sit
679 782 862 854 moderatio,
881 799 951 842 cum
965 785 1064 844 sciam

88 874 287 943 tyrannorum
303 863 559 939 quoquetumida
574 869 607 923 et
619 865 739 924 lortuna
759 873 790 924 el
804 865 925 925 licentia
939 867 1062 941 ingenia

87 948 267 1007 familiarem
281 947 339 1006 sibi
355 946 514 1007 saevitiam
528 946 727 1021 repressisse.
763 948 954 1009 Pisistratum
969 959 1093 1024 certas

89 1030 318 1091 Atheniensium
337 1038 516 1110 tyrannum,
539 1032 704 1093 memoriae
717 1033 870 1107 proditur,
886 1049 956 1094 cum
969 1037 1064 1094 multa

86 1117 117 1174 in
132 1115 340 1176 crudelitatem
356 1116 422 1176 eius
437 1116 541 1175 ebrius
555 1116 687 1175 conviva
701 1116 832 1175 dixisset
845 1133 901 1176 nec
917 1119 1063 1178 deessent
1164 1121 1167 1124 ’

88 1200 141 1274 qui
156 1199 267 1258 veilent
279 1215 389 1260 manus
401 1198 430 1259 ei
445 1198 640 1258 commodare
651 1204 682 1257 et
693 1196 771 1257 alius
787 1198 870 1266 hinc,
888 1201 965 1260 alius
980 1201 1062 1261 illinc

87 1283 172 1343 iaces
185 1283 367 1356 subderent,
383 1282 507 1357 placido
521 1281 625 1341 animo
636 1281 744 1340 tulisse
756 1288 787 1340 et
796 1280 855 1340 hoc
870 1282 1060 1344 imitantibus

86 1365 291 1442 respondisse
312 1381 395 1439 „non
409 1365 505 1438 magis
523 1363 565 1423 illi
582 1379 617 1423 se
630 1376 816 1424 succensere
837 1366 971 1439 quamsi
992 1366 1065 1441 quis

48 1489 50 1491 ·
87 1451 228 1524 obligatis
242 1449 340 1509 oculis
354 1449 386 1506 in
397 1464 432 1507 se
447 1448 654 1507 incurrisscl.“
1031 1440 1036 1450 ’

150 1533 214 1591 xli.
235 1533 345 1606 Magna
361 1547 435 1606 pars
451 1531 592 1606 querelas
611 1548 703 1592 manu
717 1533 788 1593 lecit
802 1539 853 1592 aut
868 1533 946 1592 salsa
959 1534 1061 1608 suspi·
1076 1537 1094 1590 l

88 1617 189 1676 cando
202 1622 254 1676 aut
267 1617 347 1674 levia
359 1615 565 1689 adgravando.
589 1631 684 1691 saepe
698 1617 739 1675 ad
754 1631 811 1676 nos
822 1617 867 1675 ira
881 1617 977 1689 venit,
994 1632 1061 1676 sae-

88 1701 160 1774 pius
176 1715 233 1759 nos
249 1700 289 1758 ad
303 1697 394 1758 iliam.
417 1714 497 1773 quae
512 1714 676 1774 numquam
691 1700 879 1761 arcessenda
893 1709 950 1760 est.
972 1701 1061 1760 etiam

88 1798 157 1843 cum
169 1783 282 1855 incidit,
299 1778 449 1842 reiciatur.
470 1781 565 1843 Nemo
579 1783 650 1844 dicit
660 1784 734 1844 'sibiz
750 1784 829 1858 „hoc
840 1790 966 1859 propter
978 1783 1094 1857 quodi

87 1867 214 1940 irascor,
230 1874 283 1927 aut
298 1867 355 1926 leci
367 1872 419 1926 aul
433 1866 546 1925 iecisse
559 1868 674 1940 potum
698 1883 788 1928 nemo
803 1869 933 1928 animum
949 1867 1059 1926 iacien-

87 1951 141 2021 tis‚
163 1952 219 2011 sed
234 1950 335 2024 ipsum
351 1950 490 2010 aestimat
503 1950 630 2010 iactum:
652 1951 736 2026 alqui
751 1951 801 2011 ille
821 1952 984 2012 intuendus
1004 1958 1061 2025 cst,

88 2034 219 2093 voluerit
238 2050 277 2093 an
300 2032 454 2104 inciderit,
484 2041 610 2094 coactus
639 2036 679 2094 sit
699 2050 741 2093 aa
761 2035 923 2109 deceptus,
958 2033 1062 2094 odium

90 2125 217 2177 secutus
232 2118 271 2177 sit
285 2133 323 2176 an
339 2116 515 2191 praemium,
539 2117 597 2176 sibi
611 2133 727 2177 morem
740 2119 872 2191 gesserit
886 2135 924 2176 an
939 2132 1062 2176 manum

88 2201 176 2260 alteri
187 2200 434 2260 commodaverit.
457 2197 572 2274 aliquid
584 2207 668 2260 aetas
680 2201 836 2275 peccantis
848 2201 929 2272 iacit,
945 2198 1060 2274 aliquid

88 2286 226 2356 lomuaa,
246 2291 280 2343 ut
300 2285 380 2342 lerre
401 2290 454 2342 aut
474 2282 537 2357 pati
557 2291 610 2343 aut
629 2283 792 2343 humanum
814 2284 853 2344 sit
873 2291 926 2342 aut
939 2282 1061 2342 humile.

87 2368 133 2428 Eo
154 2382 213 2426 nos
233 2369 306 2428 loco·
325 2366 561 2440 constituamus,
590 2382 652 2440 quo
674 2367 723 2425 ille
744 2373 791 2426 est
815 2366 863 2426 cui
888 2362 1094 2424 irascimurzd

88 2467 170 2511 nunc
185 2451 257 2511 lacit
270 2466 328 2510 nos
343 2449 510 2509 iracundos
522 2450 628 2524 iniqua
643 2450 741 2510 nostri
754 2449 923 2510 aestimatio
938 2456 1062 2524 atquae

89 2538 191 2595 lacere
206 2535 362 2607 vellemus,
384 2535 444 2608 pati
465 2534 618 2595 nolumus.
667 2534 762 2593 Nemo
783 2549 819 2594 se
842 2532 957 2593 differt:
978 2533 1096 2609 etquid

88 2619 252 2679 maximum
262 2619 431 2678 remedium
441 2618 619 2678 irae'dilatio
633 2625 696 2693 est,
709 2624 742 2678 ut
753 2618 869 2693 primus
881 2617 947 2678 eius
962 2616 1063 2676 fervor

88 2704 304 2776 relanguescat
320 2710 350 2762 et
365 2703 463 2776 caligo
480 2717 560 2774 quae
581 2701 693 2776 premit
710 2708 856 2774 mentem,
877 2708 929 2761 aut
947 2700 1064 2762 residat

89 2787 256 2846 autminus
270 2787 368 2846 densa
385 2786 435 2845 sit.
455 2785 606 2860 quaedam
618 2800 657 2844 err
668 2785 716 2844 his
727 2800 807 2859 quae
822 2792 852 2844 tc
866 2781 1063 2859 praecipitem

89 2869 235 2941 terebant,
250 2867 342 2942 liora,
361 2884 423 2927 non
437 2875 551 2927 tantum
563 2869 631 2927 dies
642 2868 769 2939 molliet,
786 2868 936 2941 quaedam
949 2881 988 2924 ex
999 2872 1063 2924 toto

89 2957 290 3013 evanescenlz
306 2951 333 3012 si
347 2950 420 3009 nilril
432 2952 529 3024 egerit
540 2951 634 3023 petila
644 2950 815 3022 advocatio,
830 2946 990 3022 adparebit
1004 2949 1064 3007 iam

89 3037 234 3097 iudicium
249 3049 336 3106 esse,
351 3048 413 3094 non
428 3033 512 3091 iram.
546 3031 697 3106 Quicquid
712 3032 799 3092 voles
815 3032 905 3106 quale
920 3031 959 3092 sit
973 3031 1062 3106 scire,

88 3122 219 3195 tempori
238 3119 335 3177 trade.
374 3116 448 3176 nihil
467 3116 626 3190 diligenter
646 3115 675 3175 in
696 3114 794 3178 fluctu
812 3116 952 3175 cernitur.
995 3115 1062 3176 Non
1075 3110 1102 3184 ε’

90 3205 188 3279 potnit
201 3204 354 3278 inpetrare
368 3217 389 3260 a
403 3216 439 3260 se
448 3199 533 3260 Plato
544 3207 673 3274 tempus,
690 3216 758 3260 cum
773 3215 864 3260 servo
879 3216 936 3260 suo
951 3197 1065 3260 irasce-

89 3295 190 3362 retur,
208 3285 266 3347 sed
279 3296 395 3361 ponere
408 3285 491 3344 ilium
506 3283 606 3344 statim
627 3284 760 3344 tunicam
780 3290 810 3343 ct
831 3283 979 3359 praebere
997 3297 1065 3342 sca-

91 3370 185 3447 pulas
201 3369 381 3430 wabeoiltus
402 3368 491 3428 iussit
510 3384 568 3428 sua
587 3384 680 3428 manu
697 3368 765 3443 ipse
786 3382 944 3427 caesurus.
981 3372 1065 3439 post·

92 3452 344 3530 qdaarelntellexia
356 3452 447 3512 irasci
462 3464 506 3525 se,
522 3450 601 3511 sicul
618 3453 784 3511 sustulerat
796 3465 917 3508 manum
933 3461 1064 3522 suspen·
