2378 3856
113 175 177 241 274
398 177 430 235 L.
451 176 597 237 ΑΝΝΑΕΙ
621 176 798 237 SENECAE

113 344 183 389 nom
204 328 321 403 nigrum
343 328 500 401 villosum,
525 342 601 387 sanc
623 342 682 387 non
704 339 796 401 quem
816 326 897 391 veiis
918 327 979 389 tibi
998 328 1029 391 in
1049 338 1087 393 tc

86 409 218 472 enebris
237 425 407 471 occurrere.
435 416 465 470 ct
482 425 592 485 magna
605 424 682 471 voce
695 406 863 483 „Claudiae
878 416 1028 487 [canui.
1045 412 1087 475 in-

115 494 194 571 quit,
219 493 330 553 venit.“
366 500 397 553 ei
420 500 495 567 [ecoe
514 498 660 569 extemplo]
681 506 750 553 cum
775 492 892 567 plausu
914 496 1088 573 proculum

114 584 287 638 contantes:
305 565 516 656 Εὑρήκαμεν,
532 576 768 655 corporeum.
804 574 992 645 utcumc.
999 577 1087 645 Silius

114 658 184 721 Cos.
196 661 389 735 designatus,
410 659 514 722 iunius
529 661 711 734 praetorius,
727 656 802 719 Sem
811 656 959 735 ursum,
972 660 1084 725 Mici-

113 742 181 803 vius
200 743 334 818 Trogus,
362 744 466 816 coto,
491 741 611 804 Vettius
635 743 770 814 Veiens,
794 740 937 817 Fabius,
969 744 1085 823 equino

111 828 199 888 Rom.
222 843 301 901 quos
320 826 483 891 Narcissus
503 827 571 886 duci
592 826 733 887 iusserat
765 824 888 893 medius
902 836 976 893 mat
988 828 1020 889 in
1031 828 1083 889 bac

112 908 295 970 cantantium
314 909 403 970 turbu
421 908 556 969 Mnester
577 907 800 983 pantomimus,
826 923 924 984 quem
942 910 1083 973 cimdinc
1112 920 1117 931 ’

84 1004 100 1056 5
113 992 232 1052 decoris
248 1006 344 1051 causa
362 992 508 1053 minorem
523 991 645 1051 iecerat.
681 990 731 1050 Ad
743 990 949 1057 Messalinam
962 994 1025 1057 cino
1037 1010 1081 1055 rn-

112 1091 178 1133 mor
192 1072 366 1147 percrebuit
379 1073 535 1136 Claudium
549 1075 682 1134 venisse.
708 1075 874 1135 convolant
886 1076 1080 1151 primiomui·

112 1173 164 1216 um
174 1156 270 1216 liberti
281 1156 445 1236 Polybius,
459 1156 587 1235 Myron,
600 1157 786 1232 Harpocras,
801 1158 1000 1235 Ammaous,
1011 1158 1079 1221 me

111 1248 271 1316 innectes,
297 1247 421 1315 [Posides
440 1248 518 1299 bum
536 1262 604 1314 pura
624 1246 756 1313 inriguis,
782 1245 866 1307 licitur
885 1264 950 1303 cun
967 1248 1079 1305 Panno

111 1330 225 1397 fratre,]
252 1342 331 1400 quos
354 1325 495 1389 Claudius
518 1340 640 1396 omncs,
671 1323 781 1384 necubi
804 1322 972 1400 inpuratus
995 1334 1077 1399 esset,

112 1409 320 1483 praemiserat
342 1408 453 1469 deinde
463 1406 610 1484 praerecti
621 1407 691 1480 duo,
707 1407 809 1468 iustus
821 1407 973 1479 &tonius
986 1410 1077 1471 stitu-

113 1493 162 1550 ius
176 1489 313 1564 Pompeii
325 1490 375 1563 Ε,
399 1491 509 1551 deindo
529 1490 630 1563 amici,
652 1487 815 1557 Saturnius
826 1490 946 1559 Lusius
959 1492 1077 1555 oiPedo

111 1573 276 1648 Pompeius
292 1580 322 1633 ct
333 1574 439 1649 Lupus
454 1579 485 1633 et
498 1573 583 1634 celer
596 1572 738 1646 Asinius,
761 1575 957 1639 consulares
984 1574 1077 1639 noris·

114 1657 190 1717 sime
211 1657 311 1717 irntris
333 1657 409 1731 fllia,
437 1657 554 1719 sororis
574 1656 651 1729 fllia,
677 1657 797 1731 generi,
819 1658 943 1735 soceri,
967 1674 1078 1729 morus,

115 1755 221 1801 omnes
242 1742 334 1814 piane
354 1739 587 1815 consanguinei,
609 1745 639 1798 et
658 1738 777 1813 agmine
793 1740 877 1805 iacto
889 1740 1019 1809 cnudo
1032 1756 1077 1801 oc·

85 1830 246 1889 ocurrunt.
273 1823 357 1896 Quos
372 1839 441 1885 cum
452 1823 579 1889 vidisset
590 1821 741 1896 claudius,
757 1824 925 1889 exclamat:
946 1817 1079 1905 ‚muru

113 1905 221 1984 φίλων
240 1898 357 1985 πλήρη.
392 1905 546 1981 quomodo
562 1920 619 1965 vos
632 1903 692 1965 huc
709 1904 881 1967 venistisi“
914 1906 1079 1975 TumPcdo

112 1988 291 2062 Pompeius:
323 1986 422 2061 „Quid
443 1988 539 2062 dicis,
566 1988 658 2049 homo
683 1988 921 2057 crudelissime?
952 1990 1079 2069 quoeris,

115 2071 293 2149 quomodor
312 2071 383 2146 quis
397 2072 476 2133 enim
492 2087 550 2133 nos
563 2071 641 2139 diro
655 2071 715 2137 huc
729 2071 811 2139 misit
825 2088 922 2149 quem
933 2080 978 2151 tu,
992 2072 1080 2143 omni·

114 2173 165 2217 um
187 2155 352 2217 amicorum
372 2155 567 2219 interfectori
600 2156 633 2213 ln
654 2153 702 2217 ius
724 2170 845 2217 camus=
879 2170 942 2231 ego
962 2156 1019 2225 tibi
1036 2155 1082 2225 bic

116 2240 208 2301 sellas
223 2238 413 2306 ostendam.“

87 2333 101 2383 1
176 2322 255 2385 xlv.
277 2321 366 2383 Ducit
379 2322 462 2383 iilum
477 2321 517 2384 ad
531 2319 664 2391 nibuusi
675 2322 784 2389 anci:
807 2323 835 2382 is
848 2321 920 2399 iege
937 2323 1084 2409 corneis,

116 2421 195 2480 quae
206 2405 245 2467 de
257 2406 376 2467 sicariis
387 2407 447 2469 lata
455 2413 516 2479 esi,
531 2406 706 2481 quaerebat
728 2406 879 2481 postulat,
892 2421 1010 2475 nomeu
1021 2406 1082 2473 dns

114 2487 257 2563 recipiat,
286 2489 348 2549 edit
375 2487 646 2563 subscriptionem:
675 2490 797 2555 occisos
816 2496 983 2559 senatore!
996 2488 1081 2563 ΧΠ,

116 2571 234 2644 equites
244 2571 280 2629 R.
289 2571 343 2633 cc,
351 2569 624 2641 aeternamm*
643 2562 710 2637 ὅσα
720 2563 879 2652 ψάμαθός
888 2591 926 2643 se
936 2566 1035 2657 κύω
1042 2590 1081 2637 te

86 2651 294 2726 sssirrterritus
312 2652 454 2721 claudius
471 2656 579 2715 ocuios
596 2654 810 2731 undecumque
826 2656 1017 2731 circumient,
1033 2670 1080 2723 vn·

115 2735 207 2812 stigat
219 2734 351 2811 aliquem
365 2742 541 2811 patronum,
559 2738 610 2812 qui
625 2753 660 2799 se
672 2738 872 2811 defenderet]
892 2739 1084 2809 Advocatum

115 2836 176 2882 non
200 2819 323 2881 invenit.
354 2819 476 2891 tandum
497 2821 635 2899 procedit
654 2821 686 2881 P.
700 2821 878 2897 Petronius,
901 2830 996 2893 vetus
1014 2838 1083 2884 con·

114 2905 212 2965 victor
232 2905 313 2978 eius,
333 2904 428 2971 horno
441 2904 607 2975 Claudiana
619 2905 721 2980 lingua
735 2904 884 2979 disertus,
903 2913 939 2977 et
950 2907 1084 2987 posidet

115 2988 356 3055 advocationem.
374 2989 539 3050 nondatur.
562 2997 688 3053 accusat
701 2987 783 3057 Pedo
790 2986 957 3064 Pompeius
967 2989 1085 3071 megnis

116 3071 309 3137 clamoribus.
338 3071 443 3147 incipit
462 3081 609 3147 patronus
623 3072 702 3133 veile
715 3071 915 3149 respondere,
953 3072 1086 3145 scarus,

115 3154 206 3215 homo
227 3152 429 3227 iustissimus,
449 3163 532 3218 vetat
545 3163 575 3215 et
592 3156 676 3218 iilum
689 3157 783 3221 uitem
796 3160 915 3223 tontum
928 3164 1018 3235 parte
1035 3171 1084 3218 au·

116 3239 179 3299 dita
192 3237 375 3300 condemnat
389 3246 419 3298 et
437 3239 491 3299 ait:
519 3239 599 3301 Eius
617 3233 722 3305 πάθοι
735 3231 776 3307 nn'
792 3228 818 3300 κ’
837 3235 946 3319 ἔρεξε,
966 3235 1045 3319 δίκη
1059 3228 1085 3298 κ’

86 3316 363 3400 albeto-pivone.
397 3321 509 3396 Ingens
529 3322 680 3387 silentium
699 3324 889 3393 factumest
921 3322 1087 3401 stupebant

117 3421 223 3466 omnes
235 3404 367 3466 novitate
378 3404 421 3466 rei
430 3403 570 3467 adtonito
586 3404 1084 3485 negabanrbocunouamnctun.
