2378 3856
297 183 347 244 ltu
363 184 582 244 CLEMENTIA
602 183 674 244 LIB.
686 184 709 243 l.
730 192 846 246 9-122
997 180 1067 257 Μ

86 343 171 397 ratus
193 344 223 395 et
243 337 391 408 etennens,
414 349 524 409 nempe
546 342 619 407 post
640 349 725 395 mere
743 335 901 397 Actiacum
919 337 1058 402 Romano

87 433 197 480 eruore
211 419 368 488 intectum,
390 432 501 492 nempe
515 425 588 492 post
602 418 713 478 lraetas
728 418 759 478 iu
775 416 879 483 Sicilia
893 419 1011 487 classus
1029 428 1060 482 et

71 506 163 563 'suas
177 502 353 574 elationes,
385 496 496 576 nempe
516 508 588 574 post
600 500 765 566 Perusinas
784 517 855 563 aras
877 509 907 582 et
926 501 1057 577 prosert-

87 585 220 662 ptiones.
252 584 318 660 ego
334 600 410 644 vero
423 584 613 644 elementiam
629 600 692 644 non
706 599 785 645 roeo
800 584 1087 655 tassemeruuette

88 678 196 730 tatem=
217 668 370 741 beasset,
387 667 514 740 Caesar,
534 668 694 728 elementia
707 683 797 740 vera,
816 682 907 743 eumn
922 676 955 736 tu
970 685 1058 753 prae·

89 762 168 827 stes,
191 767 272 827 quae
285 767 347 811 non
361 749 506 815 saeuitiae
521 751 708 826 poenitentia
727 752 842 826 coepit,
871 752 985 818 nullam
1005 751 1057 818 lta·

86 837 161 896 bere
186 838 349 907 maculam,
370 849 547 909 numquam
575 834 691 904 civilem
721 833 900 909 sanguinem
928 834 1057 901 fudisse.

86 919 165 979 haee
190 917 289 979 estin
307 916 440 978 maxima
464 924 615 993 potestate
641 919 802 981 verissima
825 917 916 984 animi
944 925 1058 993 tempe·

87 1002 187 1063 nuntia
203 1010 233 1062 et
245 1003 369 1062 bumont
383 1001 507 1076 generis
525 1003 707 1077 conprendit
721 1004 874 1073 terminos,
896 1018 957 1068 uutt
974 1003 1057 1076 eupi-

88 1088 183 1147 ditate
197 1085 315 1162 alique,
339 1101 400 1146 non
412 1085 578 1146 temeritate
592 1086 729 1158 incendi,
744 1103 804 1147 non
822 1086 959 1160 pelorum
976 1085 1057 1161 pritt-

89 1171 192 1244 eipum
203 1170 354 1244 exemplis
369 1175 546 1243 corruptum
561 1177 707 1243 quantum
727 1170 756 1227 in
778 1169 864 1230 eires·
878 1185 955 1232 suos
969 1170 1059 1233 liceat

88 1252 289 1327 experiendo·
303 1259 464 1326 temptare,
493 1251 549 1311 sed
569 1251 714 1310 hebetare
735 1251 832 1311 aciem
856 1251 975 1327 imperii
1000 1255 1057 1313 sui.

86 1336 279 1410 Praestitisti‚
302 1335 430 1408 Caesar,
454 1335 603 1394 civitatem
625 1333 813 1394 incruentam
838 1341 868 1394 et
891 1335 951 1396 hoe
974 1335 1086 1409 quoda

87 1434 200 1501 magno
221 1421 321 1479 animo
342 1419 489 1493 gloriatus
514 1433 564 1476 es:
586 1418 698 1478 nullam
717 1425 747 1478 te
768 1425 832 1483 toto
855 1418 930 1479 orbe
949 1418 1057 1486 stillam

88 1503 208 1563 cruoris
235 1502 359 1563 humani
383 1502 521 1574 misisse,
554 1517 592 1561 eo
621 1501 719 1576 ntaius
748 1507 795 1560 est
818 1500 1057 1577 mirabiliusque,

90 1586 176 1661 quod
190 1586 264 1646 nulli
278 1601 424 1661 umquam
443 1585 531 1645 eitius
552 1585 672 1660 gladius
696 1584 878 1646 commissus
900 1592 955 1645 est·
993 1585 1045 1651 cle
1068 1558 1124 1641 4(

87 1667 201 1729 mentia
216 1685 289 1744 ergo
305 1685 366 1730 non
381 1676 496 1729 tantum
515 1667 723 1740 honestiores,
746 1668 802 1728 sed
822 1668 949 1730 tutiores
970 1683 1058 1742 praa»

89 1760 164 1826 stat,
181 1759 452 1828 ornamentumque
467 1752 662 1826 imperiorum
678 1760 725 1812 est
739 1752 828 1813 simul
845 1749 1058 1817 eruentissime

88 1836 183 1914 salus.
223 1835 301 1910 Quid
325 1835 405 1896 enim
425 1841 488 1909 est,
508 1835 625 1912 [quod]
647 1852 716 1896 euin
737 1851 826 1911 reges
843 1834 1059 1900 consenuerint

87 1920 256 1995 liberisque
275 1935 312 1979 ee
335 1917 508 2000 nepotibus
526 1920 705 1980 tradiderint
723 1913 832 1994 regna,
858 1928 1058 1998 tyrannorum

88 2001 288 2063 exseerabilis
309 2018 346 2062 ae
366 2002 469 2063 brevis
491 2010 629 2076 potestas
651 2009 719 2063 estt
748 2001 824 2076 Quid
842 2003 968 2064 interest
982 2004 1059 2070 intur

87 2086 252 2164 tyrannum
265 2095 295 2146 et
316 2093 443 2160 regemt
471 2087 592 2160 speeies
614 2085 694 2144 enim
716 2086 785 2161 ipsa
806 2087 944 2150 fortunae
966 2099 1002 2145 ae
1023 2083 1056 2142 lt-

88 2169 188 2229 eentia
202 2186 257 2245 par
272 2178 334 2241 est,
351 2170 409 2229 nisi
426 2169 509 2243 quod
524 2168 646 2247 tyranni
660 2168 690 2226 in
704 2169 892 2245 voluptatem
907 2167 1056 2240 saeviunt,

86 2267 181 2327 reges·
194 2269 256 2313 non
269 2253 328 2312 nisi
344 2268 382 2311 ex
399 2267 493 2312 eausa
507 2268 544 2311 ae
559 2251 750 2310 neeessitate.

150 2335 213 2395 llll.
236 2335 314 2410 Quid
328 2342 426 2409 ergut
452 2352 513 2394 non
536 2351 627 2409 reges
640 2349 764 2409 quoque
779 2333 920 2394 occidere
939 2334 1084 2396 solenttl

66 2483 70 2490 ,
88 2418 146 2479 sed
162 2420 304 2494 quotiens
317 2418 349 2478 id
363 2419 430 2478 fieri
449 2419 571 2494 publiea
584 2417 698 2478 utilitas
711 2417 889 2493 persuadet:
919 2417 1056 2494 tyrannis

89 2502 217 2562 saevitia
231 2501 317 2562 cordi
332 2509 388 2561 est.
425 2503 590 2580 'tyrannus
605 2508 706 2562 autem
725 2517 744 2560 a
763 2515 836 2575 rege
851 2498 943 2560 distat
959 2497 1056 2573 naeus,

87 2600 149 2644 non
158 2586 288 2646 nomine.
305 2599 375 2644 narn
387 2587 591 2664 etlttonysius
603 2585 699 2644 maior
709 2584 775 2644 iure
786 2582 957 2659 meritoque
969 2597 1057 2658 prae-

88 2666 166 2735 lerri,
181 2668 282 2729 multis
302 2667 427 2742 regibus
446 2676 549 2744 potest
569 2676 598 2727 et
611 2668 643 2726 L.
660 2667 774 2728 Sullam
792 2668 939 2743 adpellari
953 2674 1055 2744 tyran-

88 2766 162 2809 num
178 2753 250 2824 quid
265 2751 421 2827 prohibet,
438 2753 487 2811 eui
503 2751 664 2811 occidendi
676 2751 768 2811 finem
787 2752 858 2811 feeit
877 2750 982 2824 inopia
1003 2749 1056 2808 lto-

89 2831 204 2892 stiunt
222 2833 422 2895 Deseenderit
434 2834 502 2892 lieet
517 2849 534 2890 e
554 2833 704 2892 dictatura
718 2850 775 2893 sua
789 2841 820 2892 et
834 2848 869 2892 oe
884 2841 973 2906 togae
987 2831 1085 2897 red-a

88 2916 213 2992 diderit,
240 2919 311 2993 quis·
326 2925 426 2979 temen
446 2931 589 2990 umquam
610 2920 761 2993 tyrannus
774 2920 833 2974 tam
849 2914 938 2975 auide
952 2912 1057 2977 huma·

87 3015 160 3058 num
174 3003 352 3075 sanguinem
367 2999 441 3060 bibit
455 3015 546 3074 quam
560 2996 625 3070 ille,
653 2997 705 3072 qui
720 3004 838 3073 septem
851 2996 933 3056 milia
947 2994 1058 3057 reivium

87 3082 295 3144 Romanorum
316 3083 519 3145 eontrtmidari
542 3079 652 3142 iussitt
681 3089 711 3142 et
738 3076 808 3141 eunt
833 3079 863 3140 iu
890 3079 992 3141 vieino
1018 3079 1058 3139 ad

89 3165 196 3226 aedem
210 3167 356 3228 Bellonae
381 3167 493 3227 sedens
519 3166 696 3226 exaudisset
723 3181 788 3226 eon«
888 3162 920 3225 iu
1013 3167 1059 3225 tut

86 3249 201 3309 milium
213 3251 270 3310 sub
286 3251 389 3326 gladio
400 3250 597 3324 gementium,
608 3249 751 3313 exterrito
763 3264 784 3310 st

73 3346 166 3407 mus,
192 3334 307 3408 inquit,
329 3334 425 3408 aa,
450 3334 718 3410 mdtttoeipaueuli
784 3351 796 3395 e

86 3422 145 3479 tur.
176 3417 243 3478 Hoe
266 3434 326 3478 non
352 3427 401 3478 est
424 3416 581 3478 mentitus:
616 3415 706 3491 pauci
