2378 3856
110 203 164 262 AD
173 203 354 263 HELVIAM
361 203 527 265 MATREM
534 151 585 262 Dll
593 201 893 264 consolacionis.
902 213 986 268 l—l.
1001 204 1064 272 23⁹

88 358 255 417 adventum
263 357 329 416 eius
341 364 549 431 exspectares
557 355 695 416 amisisti.
719 363 749 415 et
760 371 798 415 ne
811 356 966 417 saevitiam
974 374 1062 420 suam

89 443 212 502 lorluna
241 438 387 500 leviorem
411 439 586 501 diducendo
614 439 742 512 laceret,
775 437 854 499 intra
878 440 1062 502 tricesimum

75 524 177 585 diem
192 523 382 583 carissimum
403 524 519 597 virum,
543 538 590 582 ex·
603 536 663 596 quo
685 523 883 587 materlrium
898 523 1061 586 liberorum

88 624 175 680 eras,
191 606 333 667 extulisti.
362 607 491 681 Lugenti
505 606 558 666 tibi
574 606 673 665 luctus
689 603 842 665 nuntiatus
858 613 906 666 est
920 608 1091 674 omniouss

89 691 211 766 quidem
235 688 413 750 absentibus
433 689 552 761 liberm,
566 688 666 765 quasi
681 689 720 747 de
735 687 884 749 industria
898 688 927 749 in
942 688 974 749 id
989 699 1061 753 tcm-

87 792 148 849 pus
165 773 310 834 coniectis
326 772 413 834 malis
429 771 503 845 tuis,
519 779 552 832 ul
565 770 639 832 nihil
652 778 751 845 esset,
770 771 821 832 ubi
837 787 871 832 se
886 772 974 833 dolor
991 783 1061 835 tuus

87 857 258 918 reclinaret.
278 856 414 917 Transeo
431 862 475 916 lot
489 855 640 931 pericula,
654 861 698 915 lot
711 863 825 930 meluS,
843 872 922 930 quos
937 857 1004 916 sine
1017 858 1060 916 in-

85 942 215 1001 tervallo
236 939 265 999 in
288 949 317 1000 te
338 940 522 1000 incursantis
536 938 701 1013 pertulisti:
717 940 809 1004 modo
825 939 917 1000 niodo
933 940 963 999 in
978 956 1060 1000 eum-

87 1025 158 1084 dem
174 1023 283 1098 sinum,
298 1040 338 1084 ex
356 1038 418 1099 quo
435 1029 497 1082 tres
513 1030 642 1098 nepotes
654 1023 809 1099 emiseras,
823 1038 898 1085 ossa
909 1023 997 1083 trium
1010 1039 1060 1082 ne-

88 1116 194 1182 potum
201 1105 355 1182 recepisti.
375 1107 457 1167 Intra
468 1105 646 1166 vicesimum
657 1106 746 1178 diem,
760 1105 953 1180 quamlilium
961 1122 1062 1167 mcum

87 1191 275 1251 inmanibus
295 1199 326 1251 et
344 1190 374 1249 in
397 1191 511 1251 osculis
533 1189 593 1250 tuis
608 1196 760 1249 mortuum
775 1191 989 1263 luneraveras,
1014 1205 1062 1249 ra-

87 1280 172 1349 ptum
189 1290 237 1333 me
252 1274 379 1335 audisti:
394 1273 457 1335 lroc
470 1273 571 1333 adhuc
586 1273 726 1332 defuerat
740 1270 793 1330 libi
808 1273 912 1345 lugere
926 1272 1025 1332 vivos.

149 1358 199 1415 lll.
224 1356 455 1418 Gravissimum·
466 1363 515 1416 est
534 1372 574 1416 ex
591 1355 748 1429 omnibus,
775 1369 856 1429 quae
870 1370 1016 1430 umquam
1031 1355 1090 1424 inr'

86 1454 203 1514 corpus
218 1446 302 1500 tuum
317 1440 557 1513 descenderunt,
575 1453 684 1499 recens
706 1439 833 1512 voluuS,
859 1439 965 1499 fateor.
999 1454 1061 1498 non

86 1539 237 1583 summam
255 1524 464 1598 cutemrupil,
479 1531 587 1598 pectus
603 1528 633 1600 et
646 1523 767 1581 viscera
781 1523 850 1596 ipsa
863 1521 976 1582 divisit.
999 1520 1061 1581 Sed

86 1607 345 1682 quemadmodum
365 1609 479 1667 tirones
500 1605 607 1666 leviter
615 1606 727 1685 ,saucii
741 1612 841 1666 tamen
859 1606 1062 1665 vociferantur

85 1696 117 1748 et
133 1705 243 1749 manus
259 1691 445 1752 medicorum
462 1691 558 1764 magis
576 1705 667 1764 quam
682 1691 796 1754 serrum
810 1689 948 1763 horrent,
965 1695 995 1748 at
1011 1704 1061 1746 ve·

85 1773 198 1845 terani,
221 1774 361 1848 quamvis
377 1773 530 1846 confossi,
553 1774 702 1849 patienter
716 1789 752 1833 ac
769 1773 835 1832 sinc
850 1772 963 1846 gemitu
979 1773 1063 1830 velut

86 1857 186 1914 aliena
200 1871 331 1931 corpora
346 1855 499 1916 exsaniari
514 1858 684 1931 pallantum
705 1857 745 1916 ita
756 1863 788 1917 tu
799 1871 880 1916 nuuc
892 1856 988 1915 debes
1001 1855 1060 1914 lor·

86 1940 153 1998 titer
170 1939 316 2013 praebere
331 1947 360 2001 tc
375 1940 533 2000 curationi.
566 1941 796 2000 lamentationes
807 1939 937 2020 quidem
953 1945 983 1999 et
998 1939 1055 1998 eiu·
1072 1958 1089 2010 p

85 2022 164 2081 latus
189 2029 218 2081 ct
239 2023 313 2095 alia,
342 2039 396 2097 per
413 2039 493 2097 quae
514 2025 578 2084 lere
599 2024 734 2084 mulieris
750 2024 839 2083 dolor
856 2023 1059 2093 tumultuatur,

85 2119 203 2163 amove.
227 2105 386 2180 perdidisti
402 2107 481 2165 enim
496 2112 539 2166 tot
552 2109 647 2180 mala,
670 2108 697 2166 si
711 2108 847 2168 nondum
863 2105 975 2165 misera
989 2120 1061 2164 esse

85 2186 228 2248 didicisti.
264 2189 384 2264 Ecquid
407 2190 513 2249 videor
535 2207 596 2250 non
611 2190 715 2250 timide
729 2197 829 2251 tecum
844 2188 967 2264 egisset
988 2187 1061 2247 nihil

83 2270 138 2328 tibi
159 2272 292 2338 subduxi
313 2288 352 2331 ex
366 2273 454 2333 malis
469 2272 544 2346 tuis,
567 2274 623 2332 sed
639 2274 740 2333 omnia
754 2281 934 2334 coacervata
949 2278 1017 2331 ante
1033 2278 1060 2329 te

86 2369 187 2428 posui.

147 2437 198 2499 lV.
221 2439 332 2513 Magno
349 2439 380 2499 id
396 2440 495 2499 animo
515 2439 582 2498 ieci.
612 2438 756 2498 constitui
772 2441 849 2499 enim
867 2439 988 2514 vincere
1005 2437 1087 2500 do·l

85 2522 178 2579 lurem
192 2528 283 2595 tuum,
293 2540 353 2585 non
366 2522 625 2583 circumscribere.
648 2522 796 2582 vincam
812 2530 944 2594 autem,
958 2529 1058 2596 puto,

86 2606 244 2678 primum
269 2606 301 2665 si
327 2607 540 2668 ostendero
568 2604 665 2665 nihil
691 2621 745 2665 me
771 2608 865 2681 pati,
898 2611 1060 2681 propter

86 2688 188 2760 quod
210 2689 296 2762 ipse
318 2690 395 2749 dici
417 2691 564 2764 possim
585 2690 717 2762 miser,
745 2691 881 2750 nedum
897 2696 1061 2765 propter

86 2771 1059 2848 quodmiserosetiamquoseonlingolaclamde-

85 2853 174 2912 inde
201 2853 234 2911 si
259 2855 304 2912 ad
331 2862 365 2914 te
391 2857 587 2914 transiero
609 2862 646 2913 et
666 2855 1061 2929 probaveronetuam

86 2936 240 3012 quidem
265 2951 419 3009 gravem
446 2952 536 2997 esse
560 2939 769 3010 fortunam,
796 2951 892 3011 quae
914 2943 994 2995 tota
1011 2950 1061 3003 ex

84 3020 334 3094 meapendet.
437 3040 438 3043 ¹

148 3104 223 3162 Hoc
238 3103 349 3178 prius
365 3102 587 3177 adgrediar,
611 3103 694 3179 quod
708 3101 806 3176 pietas
823 3102 993 3163 tuaaudire
1008 3117 1092 3177 gen

84 3185 152 3259 stit,
168 3186 263 3246 nihil
277 3188 370 3247 mihi
384 3187 471 3246 mali
487 3203 591 3248 esse:
608 3186 634 3247 si
649 3194 795 3262 potuero,
811 3186 896 3260 ipsas
911 3200 976 3258 res,
994 3186 1058 3260 qui-

84 3271 143 3329 bus
152 3285 201 3329 me
211 3278 301 3345 putas
316 3270 421 3348 premi,
437 3287 499 3331 non
515 3287 586 3331 esse
597 3271 802 3332 intolerabiles
816 3268 922 3329 faciam
935 3269 1060 3340 manile-

85 3361 175 3413 stum.
209 3354 255 3413 sin
276 3355 308 3415 id
326 3356 409 3416 credi
432 3372 493 3416 non
509 3356 655 3430 potuerim
677 3363 707 3416 at
720 3370 778 3429 ego
794 3351 866 3414 milri
880 3352 949 3428 ipse
963 3350 1060 3425 magis

84 3436 233 3512 placebo,
260 3440 343 3519 quod
366 3440 517 3501 intereas
539 3455 591 3499 res
611 3438 718 3500 heatus
740 3454 808 3514 ero,
836 3453 915 3513 quae
929 3435 1059 3494 miseros
