2378 3856
110 204 173 271 2⁹2
401 205 435 265 t.
451 204 595 265 nttttnffl
619 202 795 265 SENECAE

113 359 185 435 quid
206 356 286 417 euim
306 355 428 417 stultius
447 370 539 429 qoam
560 353 591 413 in
612 353 754 415 iumentis
768 353 893 429 quidem
906 362 941 417 et
957 355 1088 419 cunibus

113 442 297 502 crubescere
323 440 397 499 iram
422 451 591 510 exercere,
623 436 758 511 pessima
778 444 882 497 autem
902 438 1088 502 unumne

59 532 66 541 “
113 526 171 586 sub
192 526 330 599 [minc]
351 522 503 584 hominem
524 527 618 581 esset
648 520 764 581 iinrbts
780 520 941 583 medemur
953 536 1017 585 nec
1030 524 1087 585 ira·

113 609 236 669 scimur.
258 606 341 683 atqui
356 614 386 667 ot
396 606 444 667 hic
456 604 582 665 morbus
592 602 752 665 estunimi.
769 604 892 667 matiam
902 606 1087 669 medicinam

114 690 270 753 desiderat
293 691 457 767 ipsumque
482 689 653 749 medentem
673 688 797 750 minime
814 687 963 752 mtsstnm
984 704 1086 767 aegro.

84 775 183 843 sMuti
204 774 314 835 medici
335 782 383 835 ast
397 774 564 849 desperare
579 778 630 845 [ne
644 777 757 845 curesJ.
783 771 864 834 idem
878 772 909 833 in
923 773 992 849 bis,
1012 791 1086 851 quo

115 876 181 920 rum
196 859 315 919 animus
329 857 470 917 adiectus
484 864 540 927 est,
556 857 658 916 iacere
672 854 803 930 debebit,
818 855 868 917 cui
878 856 993 919 tradita
1003 858 1087 919 satus

115 943 248 1003 omnium
268 948 331 1013 cst,
353 955 414 1000 noo
428 940 487 1000 cito
502 954 589 1014 spem
605 939 745 1015 proicere
759 954 817 1001 nee
830 940 990 1002 martiicrs
1002 941 1088 1017 signs

114 1024 326 1101 pronuntiare:
355 1024 483 1083 luctetur
499 1038 568 1083 cum
582 1023 677 1097 vitiis,
703 1022 841 1097 resistat,
861 1022 932 1085 eliis
945 1025 1086 1086 morbum

114 1124 203 1169 suom
217 1107 397 1183 exprobret,
419 1106 571 1183 quosdam
585 1107 668 1168 motti
683 1106 842 1169 curabor»
852 1105 990 1183 decipiat
999 1109 1087 1169 citius

115 1193 285 1267 meliusque
304 1197 467 1251 sumturus
489 1189 633 1251 remediis
648 1190 832 1252 salientibus.
856 1190 1087 1269 agatprinceps

115 1292 218 1336 curam
239 1292 301 1338 non
317 1283 432 1336 tantum
445 1275 566 1347 salutis,
589 1274 646 1334 sed
661 1273 750 1335 stiam
764 1274 914 1336 boantes
926 1275 1086 1337 cicauinis.

85 1360 200 1420 eNutIa
215 1359 278 1435 regi
293 1360 391 1435 gioria
405 1365 454 1419 ast
465 1374 504 1419 ex
516 1373 612 1419 saeva
622 1358 903 1420 animadversiones
923 1358 996 1435 quis
1008 1360 1086 1419 enim

116 1443 233 1504 dubitat
252 1450 368 1518 posset
392 1449 422 1503 at
436 1450 542 1503 contra
555 1440 701 1515 maxima,
724 1441 751 1502 si
765 1443 827 1503 vim
841 1457 928 1502 soum
944 1443 1086 1516 nonunet,

116 1529 141 1587 si
157 1528 269 1587 multos
284 1526 347 1587 iras
361 1527 480 1586 atienae
493 1525 618 1601 eripuit,
636 1524 787 1586 neminem
802 1541 879 1587 suae
890 1526 1041 1603 inpendit.

87 1620 101 1670 1
175 1610 282 1670 xvtlt.
307 1609 411 1671 Servis
426 1610 577 1685 imperare
590 1609 747 1670 moderate
760 1611 829 1671 iaus
839 1616 897 1671 est
919 1614 952 1671 et
963 1610 1086 1671 inman-

116 1696 195 1770 cipio
212 1694 406 1770 cogitandum
421 1701 541 1755 estnon
558 1700 703 1769 quantum
719 1692 794 1755 iliud
807 1693 924 1769 inpune
936 1695 1000 1769 pati
1015 1708 1087 1769 pns-

116 1780 168 1852 sit‚
197 1779 253 1838 sed
279 1784 424 1853 quantam
448 1778 501 1839 tibi
526 1776 677 1852 permittat
702 1777 794 1853 aequi
813 1776 951 1855 bonique
970 1784 1085 1852 natm,

117 1878 196 1937 quaa
208 1877 336 1936 parcere
347 1862 435 1921 stiam
449 1859 841 1936 captivisstprstioparatis
852 1861 953 1923 iubets
973 1868 1087 1939 quanto

116 1944 225 2006 iustius
238 1944 329 2005 'iubat
349 1944 521 2005 bominibus
542 1943 659 2015 tiberis,
687 1944 843 2020 ingenuis,
863 1942 1006 2007 honestis
1025 1961 1087 2006 non

115 2037 148 2090 ot
168 2028 326 2103 mancipiis
346 2027 441 2102 abuti,
464 2028 532 2107 [sed
546 2027 607 2100 bis]
625 2045 705 2104 quos
719 2028 817 2104 gradu
830 2028 997 2091 antecedas
1011 2044 1087 2107 quo·

47 2176 53 2183 ,
87 2122 242 2189 uruntque
263 2112 314 2172 tibi
337 2128 398 2172 nnn
414 2112 544 2174 servitus
561 2112 672 2173 tradita
686 2113 740 2185 sit,
763 2112 820 2173 sed
835 2113 948 2174 tuteiat
982 2111 1088 2175 Servis

115 2198 154 2257 ad
170 2204 299 2258 statuam
314 2196 384 2257 licet
397 2197 571 2271 coningere.
593 2211 661 2256 oum
675 2195 705 2256 io
721 2212 844 2257 servum
854 2196 957 2257 omnia
966 2194 1088 2271 lineam,

116 2279 312 2356 ostaticum,
335 2280 419 2355 quod
441 2280 469 2339 in
491 2278 644 2341 hominem
664 2279 756 2351 linere
777 2294 938 2342 commune
957 2279 1009 2343 ius
1025 2281 1088 2342 ani-

116 2362 260 2424 mantium
275 2370 364 2423 vetet.
401 2363 474 2437 Quis
486 2380 546 2424 non
557 2362 689 2424 Vedium
701 2363 869 2426 Pollionem
880 2362 970 2441 psius
981 2365 1090 2427 oderat

117 2464 208 2523 <paam
229 2447 310 2507 servi
327 2448 390 2520 sui,
414 2448 498 2522 quod
519 2463 680 2508 muraenas
694 2449 844 2524 sanguine
857 2447 992 2510 humano
1006 2449 1089 2524 sagi--

116 2532 208 2591 nabat
228 2538 258 2589 ot
277 2546 347 2603 eos,
378 2531 485 2605 quise
507 2532 622 2606 aliquid
644 2531 850 2605 attenderant,
879 2532 1089 2606 tantoniam,

117 2613 191 2687 quid
206 2613 287 2672 atiud
303 2629 394 2686 quam
410 2615 611 2689 serpentium,
630 2615 708 2675 abici
723 2615 868 2677 iubebutt
898 2614 1089 2679 Ohnminem

115 2696 185 2756 mite
201 2695 349 2756 mortibus
365 2696 503 2770 dignum!
527 2698 594 2757 sive
606 2698 801 2761 devorandos
816 2714 925 2761 servos
936 2698 1091 2761 obiciebat

115 2780 284 2852 muraenis,
306 2795 384 2855 quas
400 2796 511 2841 esurus
525 2789 603 2855 erat,
625 2783 735 2842 sivein
750 2783 937 2845 nocuntom
947 2784 1016 2845 ilias
1027 2784 1089 2844 ale·

87 2866 181 2938 ebat,
205 2874 237 2925 ut
258 2864 303 2925 sic
323 2862 426 2926 aleret.
463 2865 724 2939 Quemadmodum
739 2866 853 2929 damini
869 2866 1010 2928 orodeies
1024 2874 1090 2927 tata

117 2949 237 3011 civitate
252 2958 527 3010 commonstrantur
540 2950 693 3026 invisique
705 2959 735 3012 et
746 2949 942 3012 detestabites
953 2957 1034 3025 sunt,
1048 2952 1092 3011 ita

116 3048 221 3106 regum
243 3041 272 3092 et
292 3032 400 3093 iniuria
422 3035 511 3094 tatius
535 3042 617 3109 pretet
630 3042 660 3095 ct
676 3035 798 3095 iniarnia
813 3041 905 3111 atqua
919 3032 1023 3099 odium
1039 3043 1091 3095 se-

117 3115 193 3175 cutis
216 3117 351 3176 traditur.
379 3126 492 3192 quanto
514 3124 613 3177 autem
631 3135 693 3179 non
708 3120 793 3181 nasei
807 3118 915 3180 melius
929 3118 985 3181 tuit
998 3133 1091 3194 quem

117 3201 267 3260 numerari
282 3200 360 3259 inter
373 3199 495 3275 publico
510 3202 590 3262 maia
607 3206 717 3263 natast

87 3292 103 3346 l
176 3283 253 3343 XIX.
275 3283 456 3357 Excogitare
471 3299 561 3347 nemo
577 3286 741 3363 quicquam
756 3287 876 3362 poterit,
892 3285 978 3364 quod
991 3283 1092 3360 magis

115 3365 260 3427 decorum
280 3367 398 3442 regenti
418 3366 458 3429 sit
477 3384 568 3444 quarn
590 3368 762 3446 elementia,
785 3370 982 3447 quocumque
995 3369 1091 3430 modo

107 3450 142 3509 'is
157 3458 188 3512 et
200 3465 394 3527 quocumque
408 3451 474 3512 iure
492 3455 687 3529 praepositus
706 3456 816 3516 ceteris
833 3451 903 3515 erit:
920 3460 959 3515 en
974 3454 1094 3515 scilicet
