2378 3856
168 192 232 258 254
364 195 396 254 L.
412 192 557 255 sullam
579 190 755 252 SENECAE
775 189 954 253 planxit.

138 361 154 413 1
230 346 296 407 xv.
331 345 405 405 lllo
433 341 555 405 omnis
582 341 808 405 consolatio
835 342 929 403 mihi
956 342 1146 408 vertenda

169 438 247 504 est,
276 429 378 490 unde
407 442 501 487 vera
532 427 592 487 vis
624 427 788 487 materni
819 424 976 487 doloris
1004 428 1144 491 oritura

169 529 248 591 „ego
270 511 424 586 conplexu
444 510 497 572 lilii
511 508 662 570 carissimi
676 524 783 581 carso,
804 524 867 570 uon
881 516 1056 585 conspectu
1068 512 1143 583 eius,

169 613 231 658 non
252 609 394 656 sermone
415 609 543 670 possum
558 593 626 655 nui.
651 592 704 654 ubi
718 592 845 666 catillo,
868 607 933 668 quo
945 593 1016 655 viso
1029 592 1143 655 tristem

169 681 284 741 voltum
306 678 458 754 relaxavi,
485 678 514 738 ln
537 693 600 754 quo
621 692 730 737 omnes
748 675 973 737 sollicitudines
991 690 1081 739 mess
1094 676 1142 739 de

170 763 283 841 posuit
312 762 365 823 ubi
385 760 553 836 colloquia,
580 775 711 836 quorum
736 758 930 835 inexplebilis
954 766 1066 821 eram
1094 758 1142 821 ubi

171 846 287 920 studia,
313 845 424 920 quibus
445 842 587 904 libentius
602 859 693 918 quam
709 843 836 914 lemine,
859 842 1041 904 familiarius
1056 858 1142 919 qnam

170 937 267 990 mater
280 928 463 988 intererant
482 925 534 987 ubi
548 927 599 987 ille
613 933 786 987 occursust
811 924 865 987 ubi
878 932 978 995 maun
987 925 1140 989 msam

141 1023 227 1088 sper
241 1009 366 1085 puerilis
380 1007 564 1071 hilaritast“
597 1009 705 1070 Adicis
719 1009 788 1070 istis
803 1009 873 1071 loca
885 1007 957 1084 ipsa
969 1008 1139 1085 moilatio

170 1110 242 1155 num
258 1101 289 1154 et
305 1090 501 1153 convictuum
514 1099 558 1165 et,
580 1101 614 1154 ut
628 1107 759 1153 necesse
773 1100 836 1167 est,
856 1091 1093 1155 efficacissimus
1105 1092 1139 1153 ad

169 1177 330 1239 vexandos
345 1177 465 1237 animos
480 1176 612 1236 recentis
625 1175 867 1237 conversationis
881 1181 984 1237 nous.
1004 1176 1139 1239 mmhoc

173 1277 298 1338 quoque
318 1261 470 1322 adversus
490 1267 520 1320 te
540 1260 704 1322 crudeliter
724 1260 845 1321 lortuna
857 1259 965 1321 molita
975 1266 1044 1334 est,
1063 1258 1138 1337 quod

170 1353 201 1406 te
212 1353 281 1406 ante
292 1344 410 1405 tertium
418 1344 540 1404 demum
551 1343 631 1405 diem
639 1359 731 1419 quam
742 1344 903 1419 perculsus
914 1358 994 1417 sum,
1004 1358 1139 1407 secum

141 1438 228 1492 anec
245 1426 411 1504 quicquam
432 1428 493 1487 tale
512 1435 694 1489 metuentem
711 1425 831 1502 digredi
846 1426 950 1488 voluit
985 1426 1076 1489 Bene
1088 1441 1138 1489 nos

170 1511 377 1586 longinquitas
402 1511 540 1571 locorum
565 1510 720 1571 diviserat
751 1508 831 1570 bene
853 1507 972 1586 aliquot
995 1524 1139 1573 annorum

171 1593 311 1656 absentia
324 1593 396 1654 huic
411 1600 440 1653 te
454 1595 534 1654 malo
549 1600 801 1669 praeparaveram
822 1592 929 1655 redisti
940 1608 1005 1655 non
1015 1600 1051 1655 ut
1059 1594 1138 1655 volu

171 1684 284 1754 ptatem
296 1693 336 1738 ex
347 1677 410 1738 dlio
422 1677 610 1753 perciperes,
626 1677 685 1737 sed
694 1684 727 1737 ut
737 1676 992 1737 consuetudinem
1000 1676 1140 1739 desiderii

172 1761 330 1837 perderes.
350 1760 377 1820 si
387 1760 481 1820 multo
493 1768 563 1821 ante
570 1759 713 1832 emisses,
725 1758 1142 1837 lortiustulissesipsointer-

170 1846 252 1904 vallo
266 1843 452 1904 desiderium
467 1844 635 1904 molliente:
658 1841 685 1902 si
705 1858 766 1903 non
780 1841 1141 1917 recessissem-uiuum

172 1933 253 1987 certe
267 1927 398 1987 fructum
412 1926 507 1986 biduo
521 1925 634 1987 diutius
649 1926 776 1986 videndi
791 1926 887 1987 illium
900 1926 1044 1989 tulissesr
1064 1940 1140 1988 nunc

172 2009 296 2071 crudele
317 2010 411 2070 iatum
425 2010 466 2068 ita
480 2006 658 2085 conposuit,
680 2017 713 2069 ut
726 2025 784 2069 nec
798 2010 938 2071 iomunoc
952 2024 1044 2071 meae
1055 2009 1139 2073 inter-

140 2099 259 2154 sesses
273 2108 331 2153 nec
343 2091 501 2154 absentiae
510 2093 724 2153 adsuesceres.
748 2091 811 2153 Sed
823 2100 936 2167 quanto
950 2093 1013 2155 ista
1022 2092 1140 2155 duriora

172 2185 256 2250 sunt,
283 2184 367 2237 tanto
388 2177 484 2237 maior
497 2176 550 2237 tibi
563 2177 659 2237 virtus
676 2176 860 2237 advocanda
872 2183 920 2237 est
933 2183 966 2237 et
976 2176 1065 2239 vielut
1077 2191 1141 2241 eum

170 2259 260 2322 hoste
274 2268 347 2322 noto
361 2276 399 2321 ac
414 2275 509 2336 saepe
524 2261 583 2320 iam
598 2258 679 2321 victo
694 2259 796 2320 acrius
811 2267 859 2322 est
872 2259 1139 2335 congrediendum

169 2344 236 2405 Non
259 2360 299 2405 ex
312 2343 424 2405 intacto
439 2359 570 2420 corpore
583 2351 636 2404 tuo
649 2343 776 2418 sanguis
791 2342 842 2403 hic
855 2341 960 2404 timim
987 2358 1048 2418 per
1059 2344 1140 2421 ipsas

171 2429 328 2490 cicatrices
344 2443 494 2502 percussa
507 2444 553 2488 es.

143 2520 159 2572 1
230 2510 310 2570 XVI.
338 2511 417 2571 Non
439 2509 621 2585 estquod
642 2510 766 2570 utaris
787 2472 1050 2572 excusatione¹
1068 2526 1139 2571 mn·

170 2591 310 2653 liebris
329 2593 511 2667 nominis,
533 2593 582 2653 cui
597 2608 695 2668 paene
710 2606 894 2654 concessum
908 2599 959 2654 cst
962 2592 1140 2663 inmodera-

170 2674 253 2734 tum
244 2690 275 2734 m
287 2675 448 2736 lacnmas
438 2691 566 2749 1us‚non
577 2691 748 2736 inmensum
758 2683 870 2737 tamen.
891 2675 1005 2739 otides
1012 2676 1140 2739 nmiores

171 2756 278 2818 decem
289 2756 439 2819 mensium
451 2760 582 2834 spatium
593 2759 766 2833 lugentibus
772 2758 857 2820 viros
864 2758 1026 2835 dederunt,
1036 2767 1141 2821 utcum

171 2842 337 2917 pertinacia
343 2841 499 2904 muliebris
507 2841 657 2904 moeroris
666 2843 790 2918 publica
796 2841 1014 2905 constitutione
1021 2842 1141 2905 decide-

170 2933 246 2986 rent
274 2943 335 2988 non
349 2925 569 3002 prohibuerunt
579 2928 695 3001 luctus,
710 2925 767 2987 sed
777 2925 930 2987 finierunt
949 2941 1023 2987 nam
1033 2933 1066 2988 et
1077 2924 1141 2987 ind·

170 3009 232 3069 nito
248 3010 371 3082 dolore,
396 3026 466 3072 cum
486 3011 620 3087 aliquem
634 3026 673 3070 cx
688 3009 855 3071 carissimis
872 3007 1030 3087 amiseris,
1053 3006 1142 3071 adlici

170 3093 263 3152 stulta
273 3093 461 3168 indulgentia
471 3103 531 3169 est,
547 3102 578 3156 et
589 3095 671 3155 nullo
678 3091 975 3155 inhumanaduritia=
996 3092 1141 3167 optimum

169 3175 248 3234 inter
256 3177 398 3251 pietatem
408 3178 591 3239 etrationem
598 3184 869 3253 temperamentum
876 3175 1140 3237 estetsentirede

140 3256 314 3320 isiderium
326 3268 356 3321 et
367 3263 551 3337 opprimere.
567 3260 634 3321 lion
646 3259 789 3336 estquod
800 3260 839 3320 ad
852 3258 1141 3335 quasdamieminas

169 3343 335 3418 respicias,
359 3360 486 3420 quarum
504 3342 652 3405 tristitiam
667 3345 763 3404 semel
773 3349 925 3418 sumptam
935 3356 1022 3409 mors
1036 3341 1140 3403 linivit

169 3426 251 3487 nosti
265 3427 433 3506 quasdam,
456 3443 535 3503 quae
545 3427 668 3490 amissis
675 3427 748 3488 tiliis
760 3426 893 3502 inposita
902 3423 1048 3500 lugubria
1058 3440 1140 3487 num·
