2378 3856
163 214 216 276 AD
242 212 817 275 GA1·.L10NuMDnvlrannTn.
848 224 932 278 1-3.
977 214 1037 279 141

62 367 185 431 mobilis
197 370 284 431 lavor
296 364 481 442 circumegit.
502 365 616 442 Eadem
629 366 804 442 probamus,
817 367 924 427 eadem
936 384 1040 444 repre-

61 452 241 513 hendinrus=
264 452 313 510 hio
328 451 427 512 exitus
443 458 491 512 est
506 449 606 511 omnis
620 449 755 525 iudicii,
748 467 777 509 rn
794 467 855 525 quo
871 453 1041 514 secundum

62 539 169 613 plures
185 537 283 596 datur.

126 621 163 680 ll.
188 620 262 680 cunr
277 618 317 679 de
333 617 430 680 beata
436 617 498 679 vita
514 624 628 692 agetur,
644 633 704 677 non
720 626 768 677 cst
782 619 866 692 quod
878 619 951 679 mihi
965 621 1040 681 illud
1055 640 1067 692 1

62 702 292 765 discessionum
309 716 393 762 more
414 701 624 798 respondeas·
644 700 741 775 „haec
763 718 836 776 pars
851 703 948 763 nraior
968 720 1040 765 esse

60 788 215 848 videtur.“
244 787 315 846 ideo
331 784 410 846 enim
426 785 515 860 peior
530 793 586 846 est.
611 783 679 844 Non
693 793 754 846 tam
769 785 848 846 bene
864 802 932 846 oum
946 788 1039 847 rebus

60 872 205 931 humanis
226 870 337 945 agitur,
360 876 394 929 ut
413 868 539 930 meliora
552 869 690 944 pluribus
706 870 860 945 placeant:
882 886 1040 945 argumen-

61 962 126 1014 tum
142 953 267 1030 pessimi
288 955 378 1015 turba
391 961 448 1013 est.
479 952 667 1027 Quaeramus
687 953 776 1028 ergo,
799 954 873 1029 quid
895 955 1069 1029 optimumu

61 1039 146 1098 factu
161 1037 214 1111 sit,
236 1054 297 1100 non
314 1037 388 1113 quid
401 1035 646 1110 usitatissimum,
664 1038 780 1113 etquid
794 1054 853 1098 nos
868 1038 897 1098 in
913 1054 1041 1113 posses-

61 1124 151 1182 sione
166 1120 318 1182 lelieitatis
332 1127 475 1181 aeternae
489 1121 662 1193 constituat,
677 1137 738 1181 non
757 1120 831 1194 quid
847 1122 948 1196 volgo,
962 1123 1041 1182 veri-

61 1204 132 1265 tatis
147 1206 283 1279 pessimo
298 1204 463 1279 interpreti,
481 1204 643 1279 probatum
658 1204 706 1263 sit.
728 1205 853 1278 volgum
868 1210 967 1264 autem
981 1213 1042 1265 tam

62 1290 277 1368 chlamydatos
299 1305 392 1362 quarn
414 1294 579 1349 coronatos
601 1301 690 1347 voco.
725 1303 786 1346 non
808 1287 888 1347 enirn
907 1289 1041 1348 colorem

60 1371 210 1446 vestium,
224 1372 336 1447 quibus
351 1377 511 1446 praetexta
525 1377 596 1430 sunt
610 1385 754 1444 corpora,
771 1370 920 1444 adspicio.
943 1371 1041 1431 oculis

61 1456 101 1516 de
123 1455 247 1515 homine
267 1470 329 1515 non
350 1454 453 1515 credo.
483 1453 583 1514 habeo
609 1453 716 1514 melius
741 1461 772 1514 et
796 1453 907 1514 certius
928 1455 1039 1528 lumen,

62 1554 125 1613 quo
144 1538 264 1598 atalsis
284 1552 359 1597 vera
379 1535 560 1598 diiudicemz
583 1536 674 1597 animi
694 1537 808 1597 bonum
822 1539 941 1599 animus
956 1539 1039 1599 inve-

60 1623 134 1681 niat.
156 1621 214 1693 hio,
232 1621 259 1682 si
274 1635 419 1696 umquam
432 1621 586 1695 respirare
601 1619 643 1680 illi
656 1630 687 1682 et
701 1622 889 1682 recederem
903 1638 1040 1683 sevaoa·

61 1705 153 1778 verit,
181 1722 199 1765 o
222 1721 314 1780 quam
336 1705 394 1764 sibi
416 1705 486 1779 ipse
509 1720 615 1766 verum
636 1713 733 1766 tortus
754 1722 773 1765 a
794 1721 829 1766 sc
847 1705 988 1767 fatebitur
1004 1722 1041 1766 ac

62 1787 159 1849 dioet=
175 1788 345 1864 „Quicquid
362 1789 420 1848 leci
435 1788 544 1857 adhuc,
560 1791 703 1850 iniectum
718 1805 789 1851 esse
803 1791 933 1850 mallem.
956 1788 1070 1865 quic-3

63 1870 136 1947 quid
156 1871 218 1931 dixi
235 1888 304 1932 cum
318 1873 472 1947 recogito,
494 1876 581 1934 motis
600 1873 731 1934 invideo.
762 1873 908 1948 quicquid
926 1875 1039 1950 optavi,

61 1955 252 2016 inimicorum
265 1956 508 2018 exsecrationem
522 1964 606 2031 puto.
631 1955 779 2033 quicquid
793 1955 894 2030 timui,
911 1957 942 2018 dl
958 1958 1039 2031 boni,

63 2044 178 2113 quanto
190 2039 286 2098 levius
302 2039 358 2100 luit
373 2054 464 2114 quarn
480 2040 565 2115 quod
579 2039 763 2115 concupivit
784 2055 852 2101 oum
867 2042 968 2101 multis
984 2039 1040 2101 ini·

61 2120 191 2182 micitias
213 2122 298 2196 gessi
319 2128 349 2181 et
371 2123 401 2181 in
418 2123 546 2196 gratiam
563 2139 603 2182 ex
620 2124 707 2197 odio,
731 2124 758 2183 si
775 2124 867 2185 modo
884 2125 946 2185 ulla
962 2125 1041 2183 inter

62 2206 160 2266 malos
181 2205 278 2279 gratia
298 2212 359 2279 est,
380 2205 472 2264 redii=
494 2205 566 2265 milri
585 2207 646 2281 ipsi
668 2207 803 2267 nondum
825 2208 941 2268 amicus
962 2223 1040 2268 sum.

62 2304 183 2351 omnem
195 2304 320 2364 operam
332 2288 413 2362 dedi,
426 2294 459 2348 ut
470 2303 519 2347 me
530 2289 710 2350 multitudini
721 2290 884 2350 educerem
896 2298 927 2350 et
938 2291 1041 2365 aliqua

61 2374 135 2434 dote
148 2371 310 2433 notabilem
326 2373 473 2432 lacerem=
497 2370 570 2446 quid
588 2372 671 2434 aliud
685 2389 776 2447 quam
790 2374 858 2433 telis
876 2388 924 2433 me
942 2389 1040 2449 oppo-

62 2457 110 2518 sui
130 2463 160 2515 et
178 2457 401 2517 malivolentiae
423 2456 506 2531 quod
523 2456 676 2517 morderet
690 2457 830 2517 ostendit
861 2457 949 2517 vides
962 2456 1069 2519 istest

62 2541 114 2616 qui
129 2541 333 2616 eloquentiam
348 2540 485 2613 laudent,
503 2540 555 2616 qui
572 2556 649 2614 opes
664 2547 842 2616 sequuntur,
859 2539 911 2616 qui
924 2541 1040 2616 gratiae

61 2625 230 2697 adulantur,
244 2623 296 2700 qui
307 2624 473 2700 potentiam
484 2625 655 2685 extollunt?
669 2640 775 2685 omnes
789 2632 841 2686 aut
852 2633 923 2686 sunt
932 2626 1039 2686 hostes

60 2716 127 2781 aut,
154 2708 236 2780 quod
261 2709 292 2766 in
315 2725 414 2783 aequo
436 2715 497 2784 est,
523 2724 596 2769 esse
619 2717 760 2783 possunt.
794 2725 883 2784 quam
909 2725 1039 2784 magnus

60 2791 233 2850 mirantium
259 2798 321 2850 tam
348 2807 476 2866 magnus
497 2792 695 2851 invidentium
715 2796 850 2869 populus
871 2799 932 2852 esta
966 2793 1039 2867 quin

60 2874 166 2951 potius
188 2888 303 2947 quaero
323 2874 450 2949 aliquod
469 2891 530 2935 usu
548 2875 678 2946 bonum,
705 2876 790 2949 quod
811 2875 954 2947 sentiam,
977 2890 1040 2935 non

62 2956 149 3035 quod
165 2956 340 3016 ostendamr
362 2959 420 3016 ista
435 2973 514 3031 quac
529 2963 722 3030 spectantur,
745 2958 784 3017 ad
801 2972 881 3032 quae
898 2957 1039 3024 consisti-

60 3049 125 3114 tur,
152 3055 231 3115 quae
248 3040 323 3100 alter
337 3038 424 3100 alteri
440 3046 567 3113 stupens
589 3047 749 3116 monstrat,
770 3041 844 3101 ioris
865 3041 1002 3116 nitent,
995 3059 1039 3100 m

60 3133 181 3185 trorsus
196 3122 309 3183 misera
323 3128 423 3183 sunt.“
944 3162 946 3167 -

124 3208 175 3267 lll.
198 3208 386 3282 Quaeramus
407 3206 522 3283 aliquid
546 3224 621 3268 non
629 3208 657 3267 in
680 3209 815 3283 speciem
832 3208 958 3282 bonurn,
982 3170 1063 3269 sed]

62 3290 196 3352 solidum
214 3298 244 3352 et
258 3293 387 3367 aequale
407 3298 438 3350 et
453 3307 471 3350 a
485 3292 650 3352 secretiore
667 3300 754 3367 parte
770 3292 946 3355 formosius.
979 3293 1039 3350 hoc

61 3372 216 3436 eruemus.
244 3391 301 3436 neo
323 3377 414 3450 louge
435 3377 568 3450 positum
587 3385 643 3436 est.
665 3376 850 3436 invenietur.
879 3376 959 3434 scire
973 3381 1038 3432 tan-

62 3466 127 3519 tum
141 3472 220 3533 opus
237 3467 284 3520 est
304 3476 365 3535 quo
388 3476 509 3520 manum
530 3460 686 3535 porrigasz
707 3475 788 3520 nuno
804 3460 887 3518 velut
907 3457 938 3516 in
953 3464 1035 3537 tene·
