2378 3856
163 192 206 254 oo
456 190 489 248 n.
511 189 657 248 Annaei
679 186 856 248 suuncio
961 258 965 263 ,

165 343 225 403 list
254 341 344 403 turba
358 337 558 415 peccantium.
588 339 734 413 intellegit
748 354 838 413 quam
854 347 885 399 et
898 337 1039 414 iniquum
1060 339 1104 400 sit
1123 348 1155 402 et

136 424 371 501 epericulosum
385 423 476 482 irasci
491 422 613 497 publico
628 421 712 482 uitio.
734 421 905 483 Heraclitus
917 422 1065 497 quotiens
1077 439 1151 499 pro

164 509 261 568 dierat
274 513 304 566 et
319 512 432 566 tantum
447 505 528 566 circa
543 506 671 566 semele
686 505 860 579 viventium,
875 505 966 565 immo
981 507 1065 567 male
1079 523 1152 583 per·

164 591 298 650 eundum
322 590 453 658 dderat,
485 588 594 660 tiebat,
619 588 819 648 miserebatur
844 588 978 649 omniurn
1006 590 1062 664 qui
1089 590 1151 653 sibi

163 675 233 733 laeti
248 674 415 747 felicesque
433 673 651 745 occurrebant,
670 672 733 732 miti
748 670 866 746 animo,
880 672 939 732 ssd
953 671 1045 735 nimis
1061 673 1149 735 inbe-

164 758 248 817 cillos
264 764 294 817 et
307 756 376 831 ipse
389 758 466 816 inter
480 755 689 830 deplorandos
703 762 777 816 erat.
814 753 1024 817 Democritum
1039 766 1151 818 eontra

163 842 247 902 aiunt
265 855 429 914 numquam
444 839 511 898 sine
525 837 590 898 risu
603 839 633 897 in
648 838 772 914 publico
787 838 897 900 titisse:
918 838 997 899 adeo
1013 838 1092 901 nihil
1106 840 1150 901 illi

161 924 323 984 videbatur
336 923 449 983 serium
464 937 579 994 eorum,
596 937 676 997 quae
690 921 772 982 serio
786 922 979 996 gerebantur.
1000 922 1062 985 Ubi
1077 924 1149 986 istic

133 1007 224 1075 sirac
238 1008 325 1067 locus
341 1011 409 1065 estt
439 1013 491 1065 aut
509 1005 638 1064 ridenda
658 1005 760 1066 omnia
774 1013 827 1066 aut
839 1003 944 1067 flenda
958 1013 1041 1069 sunt.
1077 1007 1147 1071 Non

161 1090 311 1149 irascetur
331 1088 456 1163 sopiens
483 1089 692 1164 peccantibus.
734 1095 851 1164 quare?
877 1089 948 1164 quia
968 1090 1030 1150 scit
1048 1093 1147 1155 nemi·

160 1188 230 1231 nem
244 1174 330 1234 nas'ci
352 1173 536 1247 sapientem,
558 1173 614 1231 sed
635 1172 709 1232 lieri.
753 1171 812 1232 seit
830 1171 1038 1247 paucissimos
1059 1176 1146 1235 omni

160 1272 237 1317 aevo
252 1256 400 1332 sapientis
416 1256 558 1330 evadere,
580 1254 652 1330 quia
666 1255 878 1317 condicionem
892 1255 1046 1317 humanae
1060 1257 1145 1321 vitae

160 1348 353 1416 perspectam
373 1339 480 1400 habet:
502 1355 590 1398 nemo
610 1346 711 1399 autem
731 1346 858 1399 naturae
876 1354 973 1401 senus
987 1341 1144 1407 irascitur.

163 1423 237 1498 quid
252 1425 339 1496 enim,
356 1423 382 1481 si
397 1423 499 1482 mirari
515 1423 587 1481 velit
601 1439 663 1482 non
677 1421 708 1482 in
722 1422 914 1484 silvestribus
928 1423 1032 1485 dumis
1047 1441 1144 1500 poma

160 1507 316 1580 penderet
350 1505 440 1580 quid,
463 1506 490 1564 si
511 1505 634 1565 miretur
653 1504 775 1581 spineta
799 1513 967 1581 sentesque
992 1522 1058 1569 uon
1078 1508 1145 1571 utili

159 1589 262 1663 aliqua
277 1590 365 1663 fruge
382 1589 543 1663 conplerir
571 1605 660 1649 nemo
674 1590 830 1664 irascitur,
844 1590 897 1651 ubi
911 1590 1016 1651 vitium
1031 1600 1144 1655 natura

130 1673 302 1737 tdciendit.
332 1671 474 1731 Placidus
500 1672 602 1746 itaque
628 1673 753 1747 sapiens
778 1681 809 1733 et
832 1690 951 1748 aequus
972 1676 1142 1751 erroribus,

157 1774 218 1818 non
233 1755 347 1828 hostis,
364 1756 420 1814 sed
437 1763 591 1816 corrector
605 1757 810 1830 peccantium,
826 1757 886 1818 hoo
902 1756 1015 1819 cotidie
1030 1776 1141 1835 proce·

157 1841 200 1900 dit
214 1840 331 1900 animm
352 1838 456 1912 „multi
470 1837 542 1897 milri
558 1848 718 1901 occurrent
731 1840 804 1902 vino
819 1842 922 1916 dediti,
936 1842 1022 1903 multi
1039 1843 1139 1907 libidi-

157 1923 234 1993 nosi,
251 1923 335 1982 multi
350 1922 466 1996 ingrati,
483 1923 566 1982 multi
583 1924 676 1997 avari,
690 1925 773 1984 multi
787 1925 874 1986 iuriis
888 1925 1065 1988 ambitionis
1076 1927 1140 2005 ogi

156 2006 237 2066 tati.⁴‘
279 2005 380 2066 omnia
401 2006 458 2066 ista
477 2012 539 2065 tam
559 2006 710 2081 propitius
734 2007 886 2082 adspiciet
906 2024 997 2084 quam
1023 2025 1139 2087 aegros

127 2100 233 2154 tlsuos
248 2088 398 2149 medicus.
431 2090 584 2164 Numquid
599 2092 657 2163 ilie,
674 2091 760 2152 cuius
775 2091 930 2166 navigium
944 2094 1070 2155 multam
1085 2111 1139 2155 uo·

157 2174 250 2248 dique
265 2173 373 2233 laxatis
388 2173 579 2248 conpagibus
594 2190 706 2249 aquam
722 2174 819 2249 trahit,
831 2176 932 2237 nautis
946 2175 1072 2252 ipsique
1086 2195 1138 2241 ua·

155 2256 238 2333 vigio
254 2256 416 2317 irascitur?
447 2257 578 2317 occurrit
600 2259 700 2332 potius
715 2266 745 2317 et
759 2258 849 2318 aliam
863 2258 999 2323 excludit
1012 2263 1139 2337 undam,

155 2342 245 2401 aliam
260 2341 369 2415 egerit,
386 2341 547 2402 manifesta
561 2341 710 2401 foramina
724 2343 908 2416 praecludit,
926 2343 1095 2409 latentibus
1109 2353 1139 2407 et

155 2440 194 2482 ex
209 2427 329 2485 occuito
351 2425 499 2483 sentinam
520 2425 701 2485 ducentibus
723 2425 828 2485 labore
848 2427 994 2487 continuo
1010 2429 1139 2491 resistit

154 2522 211 2565 nee
227 2507 297 2566 ideo
312 2507 491 2578 intermittit,
515 2508 587 2580 quia
603 2515 747 2580 quantum
762 2507 945 2569 exhaustum
958 2516 1007 2572 est
1022 2512 1138 2573 subna-

155 2589 257 2649 scitur.
293 2588 389 2648 Lemo
405 2588 556 2647 adiutorio
577 2604 656 2663 opus
671 2597 719 2650 est
733 2598 840 2651 contra
853 2593 934 2652 mala
945 2593 1095 2657 continua
1109 2603 1140 2657 et

153 2671 293 2744 fecundo,
310 2686 371 2730 non
385 2678 418 2729 ut
432 2670 582 2743 desinant,
599 2671 655 2730 sed
671 2688 709 2731 ne
725 2673 855 2734 vincant.

125 2766 139 2816 1
216 2754 266 2814 xl.
299 2752 407 2827 „Utilis
423 2760 486 2826 est,
498 2753 610 2828 inquit,
627 2754 687 2826 ira,
704 2755 775 2830 quia
795 2765 1001 2834 contemptum
1017 2758 1136 2838 effingit,

154 2838 226 2914 quia
240 2839 339 2898 malos
353 2842 477 2898 terret.“
506 2836 637 2895 Primum
652 2837 713 2911 ira,
733 2838 760 2898 si
775 2848 921 2914 quantum
935 2840 1068 2905 minatur
1083 2862 1137 2906 ua·

152 2923 207 2995 let,
223 2922 262 2983 ob
277 2921 337 2983 hoo
357 2921 457 2996 ipsum
473 2918 557 2994 quod
572 2917 715 2980 terribilis
729 2930 785 2994 osi,
802 2931 832 2984 et
846 2924 945 2986 invisa
959 2934 1017 2986 est.
1052 2929 1136 3003 peri·

152 3006 288 3066 culosius
304 3014 352 3066 est
365 3011 465 3064 autem
480 3003 577 3062 umeri
598 3018 690 3075 quam
705 3003 834 3080 despici.
863 3006 891 3068 si
909 3023 984 3069 vero
1004 3010 1076 3072 sine
1092 3011 1137 3073 vi·

150 3088 236 3146 ribus
251 3096 312 3159 cst,
336 3086 433 3159 magis
446 3084 589 3158 exposita
610 3088 798 3161 contemptui
811 3098 859 3150 est
872 3099 903 3152 et
916 3091 1056 3154 derisum
1070 3111 1136 3156 uon

150 3168 265 3243 effugit.
296 3169 370 3240 quid
384 3168 464 3226 enim
478 3174 527 3225 est
546 3165 704 3227 iracundia
724 3170 753 3229 in
775 3186 1002 3248 supervacuum
1022 3180 1134 3240 tumul-

123 3262 252 3314 sanante
272 3250 433 3324 frigidiust
460 3248 577 3308 Deinde
598 3265 659 3309 non
680 3250 750 3313 ideo
771 3257 938 3331 quaedam,
961 3260 1036 3334 quia
1061 3270 1136 3323 sunt

148 3334 341 3407 terribiliora,
369 3332 488 3406 potiora
507 3340 589 3395 sunt.
636 3348 674 3391 ne
695 3332 755 3394 hoc
776 3338 905 3411 sapienti
925 3341 1005 3402 adici
1028 3343 1132 3420 velim,

31 3430 38 3439 ⁴
149 3419 232 3491 quod
247 3419 329 3477 ierac
344 3414 509 3476 saevientis
530 3430 656 3490 quoquc
676 3415 768 3478 telum
788 3427 849 3494 est,
875 3423 982 3485 timeri.
1019 3428 1133 3502 ecquid
