2378 3856
252 209 354 270 oran.
376 211 415 269 v.
458 210 509 270 un
528 212 599 272 mn
617 212 690 274 mu
712 213 760 272 ιιι.
783 222 902 275 ιι-ιι.
1022 215 1062 280 ot
1126 195 1129 202 “

90 379 180 424 suam
201 362 319 438 experti
342 378 450 437 parere
471 362 548 437 ipsis
569 363 598 422 in
619 363 750 424 adversa
766 365 931 425 valitudine
953 372 1063 428 vetant

91 445 245 522 Optimum
267 453 314 506 est
331 444 410 506 notis
425 442 506 505 vitiis
520 444 725 519 inpedimenta
742 449 919 523 prospicere
941 456 971 509 et
992 456 1093 513 antea

90 530 194 591 omnia
208 529 249 589 ita
264 542 440 604 conponere
455 529 595 600 animum,
610 535 643 588 ut
657 529 745 589 eliam
762 532 952 604 gravissimis
967 533 1063 594 rebus

89 613 264 687 subitisque
271 627 441 673 concussus
456 612 531 671 iram
543 618 594 671 aut
604 627 668 671 non
678 612 788 673 sentiat
798 617 1061 690 autmagnitudine

89 697 265 772 inopinatae
276 696 402 757 iniuriae
413 703 550 758 exortam
561 693 591 754 in
606 695 697 755 altum
711 695 844 755 retrabat
855 712 911 756 nec
925 699 1061 760 dolorem

90 797 181 840 suum
197 779 384 855 profiteatur.
426 780 461 840 ld
475 779 541 838 fieri
558 793 653 852 posse
668 778 835 853 adparobit,
858 780 885 838 si
907 797 1006 854 pauca
1022 786 1092 842 ext

89 864 179 924 turba
191 862 305 938 ingenti
317 864 458 937 exempla
475 863 639 937 protulero,
654 876 693 920 ex
713 861 825 936 quibus
842 869 1004 938 utrumque
1018 865 1061 924 di-

89 962 179 1007 scere
190 947 267 1021 licct,
284 954 428 1023 quantum
436 947 505 1005 mali
512 945 624 1005 babeat
634 946 687 1018 ira,
702 944 754 1005 ubi
765 945 920 1006 bominum
931 963 1062 1024 praepo-

88 1037 202 1090 tentum
218 1036 369 1104 potestate
384 1036 447 1090 tota
461 1030 559 1103 utitur,
581 1036 727 1104 quantum
749 1027 807 1089 sibi
825 1030 974 1106 imperare
988 1048 1061 1108 pos·

90 1112 138 1185 sit,
153 1113 205 1172 ubi
219 1120 301 1173 metu
316 1114 429 1174 maiore
445 1128 616 1187 conpressa
631 1120 687 1172 est.

151 1196 229 1255 xlv.
253 1196 425 1275 Cambysen
447 1212 549 1271 regem
571 1197 660 1257 nimis
681 1196 816 1256 deditum
837 1196 909 1256 vino
929 1196 1092 1271 Praene-1

88 1295 163 1354 spes
179 1296 258 1340 unus
273 1296 312 1340 ex
326 1277 492 1340 carissimis
507 1280 659 1352 monebat,
674 1286 708 1339 ut
722 1280 845 1355 parcius
859 1279 984 1355 biberet,
999 1288 1060 1342 tur-

89 1378 160 1438 pem
175 1378 247 1423 esse
261 1362 368 1424 dicens
388 1363 563 1423 ebrietatem
577 1364 607 1422 in
619 1378 701 1437 rege,
726 1379 816 1438 quem
832 1363 966 1424 omnium
981 1366 1062 1425 oculi

88 1462 242 1521 auresque
260 1453 471 1520 sequerentur.
496 1446 547 1506 Ad
564 1446 640 1506 baec
661 1447 726 1506 ille:
758 1455 816 1520 „ut
835 1447 934 1522 scias,
954 1447 1061 1524 inquit,

89 1529 345 1604 quemadmodum
354 1545 519 1604 numquam
526 1530 665 1591 excidam
674 1530 754 1603 mihi,
768 1530 949 1605 adprobabo
961 1533 1019 1592 iam
1031 1540 1062 1593 et

88 1614 197 1674 oculos
210 1621 282 1687 post
292 1613 395 1674 vinum
407 1613 437 1672 in
449 1613 551 1673 olticio
563 1629 635 1674 esse
650 1623 680 1674 et
693 1619 834 1674 manus.“
859 1615 938 1675 Bibit
948 1615 1061 1677 deinde
1075 1629 1092 1680 2

87 1697 244 1758 liberalius
260 1701 350 1772 quam
365 1697 441 1757 alias
459 1695 673 1771 capacioribus
695 1697 823 1776 scyphis
838 1704 868 1756 ot
882 1699 941 1758 iam
956 1700 1060 1773 gravis

87 1797 124 1840 ac
141 1780 213 1840 vino
229 1781 327 1841 lentus
343 1779 548 1855 obiurgatoris
564 1781 611 1839 sui
628 1781 722 1841 lilium
744 1782 913 1858 procedere
934 1784 1013 1843 ultra
1026 1782 1061 1842 li·

87 1879 156 1922 men
177 1864 259 1924 iubet
280 1865 481 1940 adlevataque
495 1880 590 1939 super
607 1873 699 1938 caput
720 1863 842 1925 sinislra
860 1881 952 1924 rnanu
967 1873 1059 1927 stare.

86 1957 159 2007 tunc
174 1947 302 2007 intendit
324 1963 426 2007 arcum
447 1954 477 2006 et
498 1947 599 2022 ipsum
621 1963 675 2008 cor
695 1947 910 2022 adulescentia,
933 1949 965 2008 id
979 1950 1059 2011 enim

87 2035 193 2105 petere
207 2028 380 2104 sedixerat,
397 2031 460 2106 tigit
472 2031 672 2106 rescissoque
683 2039 808 2105 pectore
822 2031 954 2092 haerens
968 2031 999 2091 in
1014 2033 1060 2108 ip-

87 2129 124 2172 so
140 2112 235 2172 corde
252 2113 401 2188 spiculum
414 2115 549 2175 ostendit
563 2131 599 2175 ac
613 2114 783 2189 respiciens
800 2123 917 2190 patrem
932 2116 1059 2176 interro-

86 2195 185 2270 gavit,
214 2197 330 2256 satisne
357 2204 468 2258 certam
490 2197 617 2258 haberet
641 2214 773 2258 manum.
807 2200 849 2258 At
867 2197 919 2258 ille
939 2199 1060 2273 negavit

85 2277 260 2353 Apollinem
273 2280 410 2354 poluisse
422 2281 533 2341 certius
545 2282 671 2342 mittere.
693 2281 730 2344 Di
745 2283 826 2342 illum
839 2283 916 2341 male
932 2282 1091 2357 perdanlt

89 2362 191 2422 animo
209 2362 307 2436 magis
324 2379 413 2437 quam
429 2363 610 2425 condicione
625 2365 824 2439 mancipium!
854 2366 921 2426 eius
936 2367 981 2425 rei
995 2365 1058 2425 lau-

86 2447 176 2505 dator
188 2445 256 2517 luit,
277 2446 364 2506 cuius
379 2447 469 2507 nimis
484 2454 549 2506 erat
566 2455 768 2521 spectatorem
785 2448 892 2508 luisse.
920 2447 1058 2510 occasio-

87 2544 157 2587 nem
172 2528 383 2590 blanditiarum
396 2530 515 2604 putavit
525 2538 633 2604 pectus
645 2531 698 2591 filii
712 2531 742 2590 in
758 2531 834 2591 duas
849 2539 953 2605 partes
970 2533 1057 2593 didu-

86 2618 167 2672 ctum
181 2621 211 2672 et
225 2629 279 2673 cor
294 2612 352 2673 sub
372 2616 498 2674 volnere
512 2613 676 2688 palpitans.
705 2615 943 2675 controversiam
958 2616 1000 2676 illi
1014 2617 1058 2676 la»

85 2711 157 2754 cero
177 2696 216 2756 de
231 2696 327 2770 gloria
341 2697 446 2757 debuit
460 2704 491 2757 et
503 2713 652 2758 revocare
673 2699 797 2771 iactum,
820 2706 853 2759 ut
872 2699 937 2773 regi
952 2699 1059 2758 liberet

85 2779 115 2837 in
143 2779 213 2853 ipso
238 2786 325 2853 patre
350 2782 509 2841 ceniarum
535 2798 656 2841 manum
678 2781 851 2841 ostendere.
906 2781 928 2842 0
953 2795 1089 2856 regema

85 2869 258 2921 cruentum!
275 2879 293 2922 o
308 2862 433 2936 dignum
448 2865 477 2923 in
495 2880 585 2938 quom
600 2864 732 2925 omnium
748 2882 873 2925 suorum
888 2881 979 2926 arcus
990 2881 1057 2924 ver·
1136 2890 1139 2895 ¹

85 2951 233 3004 terantur!
263 2945 337 3004 Cum
353 2946 505 3006 exsecrati
524 2947 668 3006 fuerimus
684 2949 766 3007 illum
784 2948 923 3008 convivia
939 2948 1057 3023 suppli-

85 3029 141 3088 ciis
158 3027 377 3103 funeribusque
393 3031 578 3101 solventem,
599 3037 697 3089 tamen
713 3031 891 3092 sceleratius
912 3033 1005 3092 telum
1022 3031 1057 3093 il·

84 3111 138 3171 lud
152 3112 307 3171 laudatum
323 3119 370 3172 est
385 3128 476 3186 quam
491 3112 627 3172 missum.
661 3113 831 3174 videbimus
848 3115 1005 3189 quomodo
1022 3132 1057 3178 se
1080 3121 1086 3128 “
1110 3130 1139 3147 ””

85 3202 172 3268 paler
189 3210 296 3269 gerere
311 3193 450 3255 debuerit
471 3203 556 3255 stans
578 3212 673 3270 super
695 3197 827 3257 cadaver
846 3198 899 3258 filit
920 3199 968 3257 sui
988 3211 1056 3258 cae-

85 3279 216 3351 demque
230 3279 320 3350 illam‚
344 3279 430 3339 cuius
445 3285 476 3338 ol
492 3279 579 3339 testis
598 3281 695 3340 luerat
709 3287 738 3340 et
755 3296 866 3340 causa:
894 3280 925 3339 id
939 3280 978 3340 de
994 3297 1056 3354 quo

87 3374 164 3419 nuuc
186 3361 292 3435 agitur,
314 3361 457 3436 adparet,
477 3361 553 3422 iram
575 3364 724 3438 supprimi
744 3380 849 3437 posse.
878 3365 945 3423 Non
966 3364 1088 3426 male-5

84 3442 160 3502 dixit
179 3444 258 3518 regi,
282 3444 395 3505 nullum
417 3445 517 3506 emisit
531 3461 570 3505 ne
591 3448 758 3507 calamitosi
777 3448 899 3521 quidem
920 3447 1055 3520 verbum,
