2378 3856
259 206 361 266 DIAL.
381 205 432 264 fv.
454 203 504 264 DE
526 203 595 264 IRA
615 202 689 262 LIB.
710 203 746 263 11.
768 210 900 264 33-35.
1029 199 1069 265 77

88 358 360 420 commendationis
377 358 514 417 adlatura
528 356 568 416 sit
582 354 760 415 clementiae
776 357 872 432 fama,
889 374 979 433 quam
992 360 1068 419 mul-

91 451 141 503 tos
164 439 254 501 venia
269 440 385 501 amicos
406 440 496 500 utiles
514 439 630 500 fecerit.
662 440 724 499 Nec
745 439 913 501 irascamur
933 439 1098 505 inimico-3

86 544 154 587 rum
168 532 198 585 et
213 522 344 585 hostiurn
359 522 472 586 liberis.
504 524 586 583 inter
600 520 745 583 Sullanae
763 523 949 585 crudelitatis
966 540 1070 585 exem—

87 612 139 684 pla
161 616 221 681 est,
245 607 330 682 quod
350 622 368 666 a
387 607 545 681 republica
560 607 673 667 liberos
689 607 928 682 proscriptorum
945 607 1068 668 submo-

86 695 144 752 vit:
170 691 243 751 nihil
269 698 318 751 est
342 690 476 764 iniquius
504 705 595 765 quarn
618 690 751 764 aliquem
780 689 924 750 heredem
951 692 1069 766 paterni

88 776 150 837 odii
166 775 240 835 fleri.
269 771 457 849 Cogitemus,
477 774 618 848 quotiens
636 773 676 832 ad
691 773 914 847 ignoscendum
929 775 1099 836 difficilest

89 860 219 930 erimus,
256 873 294 916 an
323 857 466 932 expediat
490 855 579 918 nobis
600 872 717 916 omnes
750 856 957 917 inexorabiles
988 873 1069 917 esse.

89 958 181 1016 quam
196 957 292 1016 saepe
307 941 425 1016 veniam
442 941 494 1015 qui
510 939 647 1015 negavit,
670 941 764 1015 petiti
786 956 878 1015 quarn
894 957 989 1015 saepe
1004 941 1070 1000 elus

88 1025 220 1100 pedibus
236 1025 399 1084 advolutus
415 1030 476 1097 est,
493 1039 584 1099 quern
597 1039 616 1082 a
629 1024 693 1084 suis
707 1025 839 1099 repulitr
855 1024 927 1099 quid
944 1029 992 1084 est
1005 1025 1070 1098 glo·¹

87 1108 200 1169 riosius
218 1123 309 1184 quarn
325 1107 399 1167 iram
415 1107 546 1168 amicitia
559 1113 697 1167 mutaret
716 1122 796 1182 quos
810 1109 945 1181 populus
959 1109 1069 1169 Rorna-

90 1208 148 1252 nus
164 1191 319 1252 fideliores
337 1190 430 1252 habet
449 1192 554 1250 socios
572 1206 661 1265 quam
679 1205 758 1264 quos
774 1189 878 1251 habuit
893 1189 1069 1265 pertinacis·

89 1277 184 1336 simos
202 1275 331 1336 hostes?
352 1275 436 1348 quod
451 1273 544 1333 hodie
564 1279 648 1331 esset
668 1273 843 1347 imperium,
865 1273 924 1332 nisi
940 1273 1071 1333 salubris

90 1358 283 1434 providentia
307 1358 407 1417 victos
440 1355 671 1432 permiscuisset
698 1356 888 1416 victoribus?
922 1357 1100 1416 Irascetur5

89 1441 217 1515 aliquis:
240 1449 272 1501 tu
290 1446 396 1500 contra
409 1439 569 1499 beneficiis
587 1455 732 1513 provoca.
757 1440 837 1500 cadit
853 1441 952 1500 statim
970 1441 1072 1500 simul·

90 1533 137 1584 tas
154 1525 191 1583 ab
208 1526 303 1582 altera
320 1529 404 1596 parte
420 1524 551 1583 deserta.
578 1522 739 1597 nisiparia
754 1539 813 1584 non
831 1530 978 1599 pugnant.
1008 1521 1070 1582 Sed

89 1608 240 1681 utrimque
262 1605 390 1666 certabit
415 1609 475 1681 ira,
505 1607 709 1666 concurriturz
739 1604 789 1667 ille
812 1615 860 1667 est
888 1607 995 1667 melior
1019 1607 1071 1680 qui

90 1691 174 1767 prior
197 1692 306 1765 pedem
328 1689 443 1763 retulit,
468 1687 566 1767 victus
590 1691 711 1765 estqui
735 1690 815 1750 vicit.
848 1689 1004 1749 Percussit
1026 1696 1071 1747 te:

89 1775 211 1834 recede.
239 1773 411 1834 referiendo
435 1774 514 1833 enirn
536 1781 565 1832 et
586 1772 781 1834 occasionem
803 1775 929 1848 saepius
945 1770 1073 1831 feriendi

90 1857 179 1917 dabis
194 1865 225 1918 et
241 1855 479 1917 excusationem.
502 1872 563 1916 non
579 1857 696 1931 poteris
711 1857 832 1929 revelli,
850 1873 918 1916 cum
933 1857 1030 1916 voles.

152 1941 270 2000 XXXV.
293 1941 447 2016 Numquid
463 1940 537 2001 velit
553 1941 716 2014 quisquam
732 1946 792 1999 tarn
807 1941 939 2014 graviter
953 1939 1097 2000 hosteml

90 2024 197 2096 ferire,
213 2032 246 2084 ut
259 2023 411 2098 relinquat
423 2040 547 2083 manum
564 2023 594 2082 in
610 2025 734 2082 volnere
751 2031 780 2083 et
797 2039 832 2082 se
848 2023 886 2082 ab
906 2024 967 2083 ictu
983 2039 1072 2081 revo-

91 2121 162 2165 care
183 2123 244 2165 non
265 2107 386 2180 possiti
406 2107 488 2180 atqui
511 2106 571 2166 tale
585 2107 631 2165 ira
643 2107 735 2165 telum
751 2114 814 2166 est=
836 2107 888 2164 vix
901 2104 1072 2165 retrahitur.

90 2191 184 2247 Arma
203 2187 292 2248 nobis
315 2189 459 2262 expedita
477 2187 699 2263 prospicimus,
722 2189 856 2262 gladium
880 2189 1073 2248 commodum

90 2279 122 2331 et
138 2271 286 2331 habilemz
303 2287 364 2330 non
380 2269 542 2332 vitabimus
558 2273 679 2344 inpetus
694 2272 786 2330 animi
803 2272 861 2330 lros
877 2286 1003 2345 graveS,
1028 2272 1072 2330 fu-

91 2356 197 2416 nebres
211 2362 242 2415 et
255 2353 499 2415 inrevocabilesf
516 2356 561 2414 Ea
573 2355 693 2413 demum
705 2355 853 2414 velocitas
868 2356 977 2428 placet
995 2359 1102 2428 quaen

91 2437 142 2498 ubi
157 2437 243 2498 iussa
258 2444 320 2509 est,
337 2435 500 2511 vestigium
516 2437 595 2498 sistit
609 2453 666 2496 nec
680 2439 759 2496 ultra
780 2437 930 2498 destinata
948 2452 1074 2512 procur-

90 2522 128 2582 rit
144 2520 288 2597 flectique
304 2528 333 2581 et
349 2537 368 2580 a
383 2537 476 2582 cursu
491 2522 530 2581 ud
549 2521 677 2597 gradum
699 2521 804 2581 reduci
820 2527 931 2597 potest.
963 2535 1074 2596 aegros

91 2606 205 2666 scimus
216 2621 330 2666 nervos
345 2621 426 2677 esse,
442 2604 494 2665 ubi
505 2605 606 2665 invitis
620 2605 708 2666 nobis
720 2613 888 2666 moventur.
912 2621 1009 2665 senex
1024 2611 1076 2665 aut

90 2688 200 2749 infirmi
217 2691 358 2766 corporis
374 2696 431 2764 est,
448 2690 500 2765 qui
515 2705 584 2750 cum
597 2688 753 2749 ambulare
766 2693 839 2763 vult,
856 2689 964 2748 currit:
983 2688 1074 2748 animi

94 2781 193 2834 motus
206 2790 261 2834 eos
272 2781 414 2848 putemus
426 2771 954 2847 sanissimosvalidissimosque,qui
968 2779 1074 2832 nostro

95 2856 218 2917 arbitrio
235 2857 333 2930 ibunt,
355 2873 416 2916 non
432 2872 490 2916 suo
506 2857 648 2915 ferentur.
676 2855 753 2912 Nihil
771 2862 871 2914 tamen
890 2869 989 2928 aeque
1005 2861 1106 2927 pro-3

97 2939 186 3000 fuerit
201 2954 292 3015 quarn
306 2940 436 3013 primum
448 2938 557 2997 intueri
568 2937 789 2997 deformitatem
801 2937 855 3007 rei,
873 2936 984 2995 deinde
995 2935 1075 3010 peri-

96 3024 207 3082 culum.
235 3020 302 3081 Non
318 3029 366 3080 est
382 3019 472 3080 ullius
490 3020 630 3079 adfectus
646 3016 741 3077 faeles
756 3017 913 3080 turbatior.
935 3018 1074 3094 pulcher-

93 3105 170 3165 rirna
182 3121 236 3166 ora
251 3104 393 3173 foedavit,
411 3110 517 3164 torvos
531 3104 633 3162 voltus
646 3118 686 3162 ex
696 3102 954 3177 tranquillissimis
966 3102 1075 3162 reddit.

423 3188 531 3263 linquit
543 3186 633 3246 decor
648 3188 741 3246 omnis

92 3271 202 3331 iratos:
225 3278 255 3331 et
268 3271 334 3330 sive
349 3270 477 3331 amictus
496 3271 555 3330 illis
572 3268 751 3344 conpositus
770 3275 818 3329 est
832 3269 871 3329 ad
886 3269 999 3344 legem,
1014 3275 1074 3326 tra-

92 3353 165 3412 hent
179 3362 296 3414 vestem
311 3368 494 3428 omnemque
510 3368 614 3414 curam
636 3351 685 3412 sui
699 3352 867 3413 effundent.
899 3352 965 3410 sive
981 3349 1075 3425 capil-

92 3437 191 3497 lorum
204 3445 312 3498 natura
323 3439 371 3497 vel
384 3443 446 3496 arte
457 3435 618 3497 iacentium
630 3452 690 3495 non
706 3434 844 3494 informis
857 3432 988 3507 habitus,
1006 3448 1075 3494 cum
