2378 3856
162 192 216 251 Ab
239 193 464 254 GALLIONEM
488 193 657 255 obvim
673 195 816 257 BEATA·
840 203 928 265 3-5.
973 191 1035 261 143

55 346 195 407 dicamus
210 345 366 405 hominem
381 361 466 417 erun,
487 343 536 405 cui
551 347 666 408 utillum
680 345 794 407 bonum
808 349 982 422 malumque
996 347 1037 409 sit

55 428 232 491 nisibenus
249 429 408 504 malusque
425 427 560 489 animosa
580 429 702 491 honesti
718 432 824 504 cultor,
838 432 949 491 rimula
961 446 1033 492 con-

54 518 173 586 tentus,
200 528 292 586 quem
315 529 372 574 nec
398 515 546 574 extollant
571 513 695 574 fortuita
719 529 777 575 nec
802 514 956 590 frangant,
982 516 1035 590 qul

56 597 171 656 nmium
188 596 412 658 maiusbonum
427 611 465 656 eo
481 596 566 670 quud
581 596 722 671 sibiipsa
738 597 813 658 dare
827 604 929 672 potest
941 614 1035 659 nove·

55 683 109 752 rit,
133 676 182 741 cui
196 695 272 740 vera
287 680 430 756 voluptas
445 679 501 740 erit
514 680 700 755 voluptatum
716 680 916 756 contemptio.
943 682 1066 760 Licebit

56 763 83 822 si
99 763 223 838 evagari
240 765 331 839 velis,
351 765 433 831 idem
454 764 484 823 in
506 764 594 824 aliam
609 771 701 839 atque
716 763 806 824 aliam
821 762 933 825 taciem
948 767 1036 825 salva

55 853 87 907 et
106 846 224 922 integra
246 854 397 922 potestate
417 849 592 909 transferre.
621 847 698 922 quid
715 849 794 910 enim
814 847 957 923 prohibet
977 865 1035 909 nos

57 933 177 991 beatam
192 931 282 998 vitam
296 931 399 997 dicere
415 930 543 992 liberum
559 931 691 993 animum
705 938 735 993 et
748 939 884 994 erectum
899 939 930 992 et
943 933 1034 993 inter-

56 1014 149 1073 ritum
164 1031 200 1075 ac
215 1015 371 1086 stabilem,
387 1021 472 1076 extm
485 1021 611 1087 rnatum,
629 1024 717 1079 extra
738 1015 935 1091 cupiditatem
949 1016 1034 1091 pesi-

55 1107 137 1172 tum,
157 1098 211 1158 cui.
226 1116 319 1161 uuum
335 1098 449 1165 bonum
469 1099 508 1159 sit
522 1097 685 1171 honestas,
706 1116 800 1161 unum
814 1099 926 1161 malum
940 1101 1034 1175 turpi-

55 1183 147 1256 tudo,
172 1183 359 1243 ceterauilis
374 1183 469 1252 turba
488 1198 590 1243 rerum
609 1197 667 1241 nec
688 1181 852 1243 detrahens
871 1183 1034 1257 quicquam

56 1267 165 1326 beatae
181 1266 262 1328 vitae
272 1263 488 1337 oecadiciens,
504 1266 571 1325 sine
583 1272 676 1324 auctu
686 1280 722 1323 ac
734 1265 912 1330 detrimento
925 1267 1034 1326 summi

56 1350 131 1410 boni
145 1350 272 1411 veniens
287 1348 500 1408 antecedens.
524 1347 592 1408 Hoc
605 1347 648 1405 ita
661 1347 819 1408 fundatum
834 1363 964 1408 necesse
979 1354 1063 1422 esti

58 1434 130 1493 velit
143 1433 228 1505 nolit,
242 1439 389 1505 sequatur
403 1429 538 1498 hilaritas
551 1428 692 1490 continua
705 1437 736 1490 et
747 1429 862 1491 laetitia
871 1433 935 1492 atta
943 1439 1035 1507 atque

56 1532 97 1575 ex
112 1518 174 1577 alto
190 1515 331 1586 veniens,
351 1520 385 1584 ut
405 1529 484 1588 quae
505 1513 569 1573 stris
584 1511 718 1588 gaudeat
730 1529 787 1574 nee
800 1513 916 1575 maiora
930 1515 1034 1576 dome-

56 1597 144 1659 sticis
160 1598 271 1672 cupiat.
301 1596 414 1670 Quidni,
430 1597 489 1660 ista
502 1597 582 1657 bene
596 1604 707 1672 penset
718 1614 789 1658 cum
802 1598 925 1659 minutis
939 1607 970 1659 et
984 1599 1041 1674 lri-¹

57 1681 137 1741 volis
159 1689 190 1741 et
214 1697 275 1741 non
303 1680 572 1756 perseverantibus
592 1681 768 1756 corpusculi
787 1682 939 1743 motibus?
972 1699 1034 1758 quo
1091 1754 1096 1762 ³

57 1766 108 1825 die
128 1767 208 1826 inlra
230 1765 413 1840 voluptatem
435 1762 541 1838 luerit,
560 1772 591 1825 et
604 1766 684 1827 intra
699 1765 839 1826 dolorem
853 1766 920 1826 erit
949 1766 1034 1825 vides

59 1858 174 1920 autem,
203 1864 294 1922 quam
317 1849 426 1909 malam
447 1856 477 1908 et
496 1848 658 1911 noxiosam
672 1849 850 1910 servitutem
864 1849 1034 1910 serviturus

58 1933 113 2004 sit,
139 1947 230 2008 quem
249 1933 423 2007 voluptates
445 1933 648 2008 doloresque,
673 1934 877 1994 incertissima
901 1933 1035 2009 dominia

58 2014 378 2092 inpotentissimaque,
393 2015 518 2086 alternis
531 2016 750 2092 possidebunt:
774 2032 847 2092 ergo
862 2017 1063 2081 exeundumd

59 2100 98 2159 ad
114 2100 280 2161 libertatem
296 2107 351 2160 est.
372 2100 451 2159 hanc
462 2117 524 2161 non
538 2099 598 2160 alia
608 2116 659 2161 res
675 2101 779 2162 tribuit
791 2117 883 2175 quarn
896 2102 1035 2161 fortunae

58 2184 264 2257 neglegentia:
284 2191 349 2244 tum
362 2183 437 2242 illud
450 2185 563 2245 orietur
573 2182 795 2245 inaestimabile
806 2184 929 2257 bonum,
947 2183 1034 2258 quies

58 2267 167 2327 mentis
185 2267 215 2327 in
229 2273 293 2330 tuto
309 2267 469 2326 conlocata
484 2273 515 2326 et
528 2266 698 2333 sublimitas
718 2266 920 2341 expulsisque
940 2273 1034 2326 terra-

58 2349 142 2410 ribus
168 2366 207 2411 ex
240 2349 412 2424 cognitione
436 2349 501 2409 veri
527 2349 672 2424 gaudium
695 2349 810 2423 grande
836 2356 866 2409 et
890 2349 1036 2409 inmotum

59 2432 249 2509 comitasque
265 2439 296 2494 et
310 2432 433 2493 diffusio
454 2433 560 2505 animi,
582 2432 692 2508 quibus
713 2433 912 2494 delectabitur
927 2448 988 2493 nou
1004 2439 1036 2496 ut

10 2570 16 2596 ,
58 2518 158 2590 bonis,
174 2518 229 2576 sed
244 2525 277 2578 ut
291 2533 331 2577 ex
345 2518 427 2578 bono
446 2533 503 2577 suo
520 2515 604 2576 ortis.

121 2602 159 2659 V.
189 2599 336 2673 Quoniam
360 2600 525 2662 liberaliter
550 2616 642 2675 agere
666 2601 771 2676 coepi,
800 2606 902 2674 potest
925 2599 1064 2674 beatust

59 2685 134 2757 dici,
151 2684 204 2759 qui
219 2699 275 2744 nec
292 2684 375 2759 cupit
389 2700 446 2744 nec
462 2683 546 2744 timet
559 2682 709 2745 beneficio
723 2683 861 2746 rationis.
891 2685 1034 2760 quoniam

57 2777 88 2829 et
103 2784 181 2828 saxa
198 2768 305 2827 timore
320 2775 350 2829 et
363 2768 483 2830 tristitia
497 2773 602 2828 carent
615 2783 673 2829 nec
687 2769 789 2829 minus
803 2768 956 2842 pecudes,
973 2785 1036 2829 non
1073 2833 1080 2842 ¹

57 2853 128 2912 ideo
147 2858 247 2909 tamen
265 2851 430 2925 quisquam
446 2850 548 2911 felicia
562 2851 687 2924 dixerit,
703 2850 815 2925 quibus
831 2867 893 2910 non
908 2857 959 2911 est
972 2851 1036 2909 leli-

58 2934 158 2996 citatis
183 2933 364 2993 intellectus.
393 2933 503 2993 eodem
523 2933 593 2992 loco
615 2948 697 3006 pone
719 2932 874 3004 homines,
902 2948 981 3007 quos
1005 2931 1065 2993 inu

57 3033 217 3081 numerum
233 3031 379 3091 pecorum
400 3021 432 3074 et
451 3014 624 3077 animalium
638 3013 756 3089 redegit
772 3015 868 3076 hebes
884 3016 1037 3087 naturaei

56 3100 208 3177 ignoratio
224 3101 282 3161 sui.
305 3098 378 3158 nihil
393 3099 519 3160 interest
532 3097 610 3159 inter
623 3097 681 3158 hos
695 3105 726 3158 et
739 3098 803 3173 illa,
818 3099 961 3172 quoniam
977 3100 1035 3162 illis

56 3188 141 3247 nulla
153 3184 230 3246 ratio
245 3191 301 3257 est,
318 3182 366 3242 his
381 3198 476 3257 prava
492 3188 522 3243 et
536 3183 616 3243 malo
632 3197 689 3242 suo
704 3190 795 3258 atque
809 3181 839 3242 in
854 3199 1036 3259 perversum

57 3268 180 3336 sollers.
213 3269 321 3334 beatus
344 3267 423 3326 enim
445 3281 534 3328 nemo
556 3266 616 3325 dici
643 3273 745 3341 potest
769 3274 855 3327 extra
879 3267 1036 3327 veritatem

54 3349 224 3428 protenus.
252 3353 348 3413 Beata
369 3366 443 3425 ergo
458 3350 520 3411 vita
536 3356 584 3412 est
602 3347 633 3409 in
656 3359 743 3410 recto
752 3357 903 3425 certoque
922 3348 1065 3410 indiciue

57 3433 232 3501 stabilituri
243 3433 437 3497 inmutabilis.
461 3444 532 3496 tunc
547 3434 626 3494 enim
641 3450 719 3509 pura
734 3449 820 3494 meus
834 3440 882 3492 est
893 3439 924 3492 et
935 3433 1037 3492 soluta
