2378 3856
110 190 392 252 CONTUMELIAM
405 191 595 253 ACCIPERE
611 194 839 257 SAPIENTEM.
862 197 980 256 lau-tlt.
1013 195 1053 258 19

10 373 33 412 22
67 346 168 405 cibum
185 346 305 404 deesse.
337 360 405 404 cum
421 343 590 421 sapientem
605 348 742 421 negastis
757 347 907 423 insanire,
922 365 984 408 nou
1000 365 1051 409 ne-

10 439 33 496 n'
66 429 145 505 gatis
161 436 192 489 et
204 429 329 488 alienari
344 436 374 489 et
389 445 496 504 parum
511 445 587 490 sana
601 430 695 491 verba
709 431 844 492 emittere
859 439 889 490 et
904 433 1051 507 quicquid

10 518 34 580 ’ns
67 515 114 573 vis
130 512 227 573 morbi
250 513 331 586 cogit
351 513 475 573 audere.
505 528 573 574 cum
589 514 760 590 sapientem
774 516 911 589 negastis
926 532 1051 577 servum

31 616 35 626 ¹
67 612 154 671 csse,
175 597 266 656 iidem
289 612 350 656 non
371 595 421 656 itis
436 590 550 658 infitias
566 606 596 659 et
612 599 784 659 veniturum
799 606 830 659 et
843 600 992 675 imperata
1007 600 1050 658 la-

10 706 34 748 :
66 689 185 742 cturum
207 685 238 738 et
254 680 384 741 ‘domiuo
400 696 458 741 suo
480 680 603 742 servilia
624 690 847 757 praestaturum
868 684 1051 743 ministeria:
1108 695 1114 702 ·

10 776 32 832 '3
67 767 106 825 ita
122 764 242 825 sublato
257 765 317 823 alte
332 765 497 841 supercilio
515 766 544 824 iu
556 766 669 826 eadem
685 782 764 841 quac
780 766 872 827 ceteri
887 767 1049 828 descendi-

10 873 32 913 ι
67 850 104 910 tis
117 847 239 908 mutatis
253 863 355 909 rerum
369 848 553 908 nominibus.
575 850 647 910 Tale
661 850 763 926 itaque
774 851 888 926 aliquid
904 858 935 911 et
948 851 979 911 in
992 851 1080 911 hoca

10 948 35 1015 η’
66 948 138 992 esse
152 931 305 1006 suspicor,
322 934 406 1007 quod
421 933 518 1009 prima
533 933 639 1009 specie
654 934 815 1008 pulchrum
828 940 920 1009 atque
935 935 1050 1010 magni·

10 1035 32 1083 ι
66 1017 158 1077 licum
173 1022 229 1088 est,
244 1031 302 1075 nec
316 1016 455 1077 iniuriam
470 1033 528 1078 nec
539 1019 753 1079 coutumeliam
767 1027 964 1094 accepturum
979 1033 1051 1079 esse

10 1123 31 1170 ι
66 1101 245 1176 sapientem.
265 1102 390 1161 multum
406 1107 506 1161 autem
521 1103 656 1177 interest,
672 1108 770 1162 utrum
781 1104 952 1178 sapientem
964 1109 1051 1162 extra

10 1207 31 1250 ι
65 1183 302 1258 indignationem
323 1201 363 1244 an
383 1191 470 1245 extra
490 1185 629 1247 iniuriam
650 1202 760 1262 ponas.
789 1203 859 1245 nam
880 1185 907 1245 si
922 1187 1000 1247 dicis
1015 1186 1062 1246 il·-

10 1291 31 1334 ι
67 1271 127 1329 lum
154 1283 254 1343 aequo
281 1268 382 1330 animo
408 1270 553 1342 launum,
588 1272 703 1330 nullum
730 1270 822 1330 habet
846 1269 1050 1344 privilegium.

10 1356 33 1433 nl
67 1352 192 1427 contigit
211 1351 255 1411 illi
275 1368 327 1413 res
349 1352 481 1426 volgaris
503 1360 547 1413 et
553 1369 632 1428 quae
648 1353 797 1414 discitur
790 1368 861 1428 ipsa
873 1353 1051 1413 iniuriarum

10 1440 34 1519 a}
66 1436 266 1510 adsiduitate,
287 1436 442 1510 patientia.
479 1453 506 1496 sr
520 1452 616 1511 negas
631 1438 850 1513 accepturum
843 1437 997 1510 iniuriam,
1019 1436 1051 1495 id

10 1522 34 1667 Β
65 1529 114 1582 est
129 1521 280 1580 neminem
295 1518 338 1579 illi
352 1525 568 1595 temptaturum
583 1522 694 1596 lacere,
711 1522 852 1582 omnibus
867 1521 981 1582 relictis
999 1535 1050 1579 ne-

65 1605 156 1680 gotiis
178 1603 300 1664 Stoicus
321 1603 373 1666 fio
376 1609 393 1636 “
425 1603 491 1678 Ego
512 1620 586 1664 vero
604 1605 773 1680 sapientem
794 1621 855 1665 non
871 1603 1082 1679 imaginarios

10 1676 32 1829 ἓ
64 1690 183 1749 honore
197 1688 361 1748 verborum
376 1704 527 1748 exornare
543 1689 696 1761 constitui,
712 1690 768 1749 sed
785 1704 822 1748 eo
838 1692 907 1749 loco
923 1703 1050 1763 ponere,

11 1832 14 1837 .
66 1789 127 1847 quo
145 1772 228 1831 nulla
244 1772 432 1847 permittatur
452 1772 570 1832 iniuria.
604 1773 679 1848 quid
700 1779 795 1847 ergo?
815 1788 905 1832 nemo
927 1773 984 1831 erit
999 1772 1051 1845 qui

10 1862 30 1937 ξ,
66 1859 213 1928 lacessat,
238 1855 289 1930 qui
310 1862 456 1931 temptett
476 1855 547 1916 nihil
569 1857 598 1915 in
615 1872 716 1916 rerum
731 1864 838 1917 natura
852 1864 913 1915 tam
929 1870 1051 1915 sacrum

66 1944 129 2010 est,
153 1941 238 2014 quod
258 1940 440 2014 sacrilegum
462 1956 523 2000 non
539 1940 687 2014 inveniat,
711 1941 767 2000 sed
785 1956 846 2000 non
861 1940 932 2000 ideo
947 1937 1051 1999 diviua

10 2022 29 2101 ξ
65 2022 166 2081 minus
194 2022 225 2082 in
252 2023 374 2083 sublimi
399 2030 484 2097 sunt,
512 2025 538 2083 si
566 2024 718 2084 exsistunt
739 2023 792 2099 qui
812 2024 1051 2098 magnitudinem

64 2107 191 2164 multum
211 2107 290 2166 ultra
310 2122 345 2166 se
365 2106 497 2180 positam
518 2123 580 2167 non
600 2111 708 2169 tacturi
729 2109 883 2182 adpetant.
910 2107 1051 2166 Invotne-

10 2208 28 2259 ,-
64 2187 161 2247 rabile
182 2195 230 2247 est
248 2205 310 2249 non
326 2190 410 2264 quod
425 2206 486 2250 nou
502 2191 701 2263 teritur,·sed
716 2192 800 2266 quod
821 2207 883 2249 non
904 2190 1049 2250 laeditur:

10 2286 20 2339 r
65 2289 104 2332 ex
121 2271 179 2330 hac
200 2272 254 2331 tibi
275 2278 348 2332 nota
369 2272 538 2347 sapientem
559 2273 721 2334 exhibebo.
752 2273 907 2348 Numquid
926 2272 1078 2341 dubiumq

10 2395 12 2420 ;
65 2362 128 2430 est,
152 2357 224 2430 quin
240 2355 351 2416 certius
372 2356 467 2416 robur
481 2357 521 2417 sit
536 2357 619 2430 quod
635 2373 697 2416 non
712 2356 843 2416 vincitur
858 2373 949 2430 quam
965 2356 1050 2429 quod

10 2474 20 2507 =.
66 2457 127 2500 non
144 2440 320 2514 lacessitur,
342 2455 412 2499 cum
428 2439 539 2500 dubiae
554 2439 615 2500 sint
630 2441 711 2501 vires
726 2441 924 2519 inexpertae,
943 2446 972 2499 at
986 2454 1048 2498 me-

10 2524 20 2554 s'
64 2525 121 2584 rito
148 2524 318 2583 certissima
339 2524 465 2585 firmitas
485 2524 648 2598 habeatur,
676 2540 755 2599 quae
781 2523 880 2584 omnis
906 2523 1048 2583 incursus

67 2608 204 2682 respuit?
225 2608 270 2668 sic
288 2616 321 2703 tu
342 2609 511 2683 sapientem
531 2603 665 2670 melioris
681 2609 757 2717 scito
773 2623 845 2668 esse
860 2614 1001 2681 naturae,
1022 2609 1048 2666 si

10 2780 23 2842 ὲ
66 2776 162 2834 virum
184 2775 299 2848 dicam,
322 2791 412 2850 quem
432 2775 513 2834 bella
534 2792 594 2836 non
614 2775 759 2850 subigunt
778 2791 836 2834 nec
857 2776 981 2835 admota
1000 2772 1048 2833 vis

10 2870 24 2943 a
64 2859 184 2919 hostilis
206 2865 352 2932 exterret,
374 2875 435 2918 nou
456 2861 505 2919 cui
526 2860 639 2934 pingue
660 2861 753 2919 otium
769 2865 817 2919 est
830 2858 909 2917 inter
920 2857 1047 2916 desides

10 2942 23 3019 ξ
65 2944 210 3018 populos
238 2943 304 3002 Hoc
326 2943 416 3016 igitur
436 2943 521 3015 dico,
545 2942 716 3017 sapientem
737 2942 811 3001 nulli
833 2956 905 3000 esse
920 2939 1076 3012 iniuria05

10 3040 19 3105 ξ
66 3027 241 3087 obnoxium.
272 3026 375 3099 itaque
396 3042 458 3085 non
478 3027 586 3098 refert,
610 3042 703 3100 quam
722 3024 844 3085 multa
836 3040 865 3082 m
887 3025 971 3083 illum
986 3025 1047 3084 coi-

64 3110 184 3171 ciantur
196 3109 270 3182 tela,
287 3124 356 3168 cum
369 3109 408 3170 sit
421 3110 495 3169 nulli
511 3109 723 3186 penetrabilis;
741 3108 896 3184 quomodo
913 3123 1045 3182 quorun·

33 3239 35 3243 «
63 3193 134 3254 dam
155 3192 292 3268 lapidum
313 3193 559 3268 inexpugnabilis
580 3193 662 3253 lerro
683 3192 792 3253 duritia
812 3197 859 3251 est
875 3207 931 3251 nec
947 3191 1046 3252 secari

64 3277 192 3337 adamas
210 3283 262 3335 aut
280 3277 368 3336 caedi
383 3277 433 3336 vel
448 3276 545 3337 deteri
562 3284 678 3352 potest,
697 3279 754 3337 sed
769 3275 953 3336 incurrentia
966 3276 1045 3334 ultro

63 3359 206 3421 retundit.
231 3359 488 3434 quemadmodum
500 3361 651 3436 quaedam
666 3377 727 3421 non
742 3366 875 3436 possunt
888 3358 958 3432 igne
973 3372 1045 3416 con-

62 3443 159 3521 sumi,
184 3443 242 3504 sed
255 3442 378 3503 ilamrna
392 3444 577 3505 circumfusa
596 3443 727 3515 rigorem
744 3459 833 3504 suum
847 3441 1045 3554 habitumque

838 3532 855 3574 u
