2378 3856
150 216 193 282 oa
439 220 472 277 n.
495 217 643 276 ,innam
667 215 843 277 ssnaosn
935 190 939 197 ’

152 370 236 445 quod
257 385 317 429 non
341 367 474 427 humana
493 381 579 427 mens
602 368 703 427 vincat
718 375 749 427 et
766 368 796 426 in
813 365 1052 429 familiaritatem
1071 384 1140 445 per·

152 454 244 514 dneat
257 451 389 512 adsidua
403 450 572 525 meditatio,
594 451 729 525 nullique
743 455 815 510 sunt
834 457 894 510 tam
911 450 1017 513 leniet
1031 452 1084 513 sui
1098 452 1141 515 iu·

122 538 193 596 iris
209 537 357 608 adlectus,
373 542 406 595 ut
417 551 477 595 non
490 535 652 609 disciplina
663 534 889 609 perdomentur.
912 534 1142 613 Quodcumque

153 620 210 679 sibi
225 619 386 692 imperavit
400 619 519 678 animus
534 618 676 678 obtinuit=
703 617 827 692 quidam
842 633 882 677 ne
894 633 1044 695 umquam
1057 618 1141 681 ride·

152 709 220 761 rent
236 703 392 763 consecuti
414 710 494 762 sunt.
535 703 606 762 vino
629 701 767 776 quidam,
792 700 842 760 atii
856 702 994 776 Venere,
1012 702 1140 779 quidam

154 786 235 847 omni
262 787 391 846 humore
419 785 603 846 interdixere
628 783 822 859 corporibus.
865 784 944 845 alius
973 792 1141 848 contentus

153 870 240 930 brevi
263 885 372 930 somno
393 867 526 943 vigiliam
551 868 806 943 indefatigabilem
832 868 978 930 extendit
1022 869 1141 931 didice

153 960 223 1013 runt
236 952 424 1012 tenuissimis
444 959 474 1012 et
493 953 635 1013 adversis
656 952 780 1012 lunibus
801 968 925 1012 currere
947 959 979 1013 et
1002 952 1142 1029 ingentia

153 1038 267 1110 vixque
281 1035 421 1095 humanis
436 1037 596 1096 toleranda
610 1035 726 1096 viribus
747 1051 843 1096 onera
858 1043 981 1111 portare
995 1044 1028 1098 et
1047 1037 1082 1097 in
1096 1037 1141 1098 iu·

154 1135 292 1179 mensam
313 1118 501 1180 altitudinem
520 1121 616 1195 mergi
636 1136 672 1180 ac
693 1120 760 1180 sine
784 1119 848 1179 ulla
871 1120 1047 1194 respirandi
1071 1120 1142 1181 vice

127 1203 272 1278 aperpeti
284 1204 394 1262 maria:
408 1204 489 1263 mille
500 1213 571 1265 sunt
582 1203 650 1277 alia,
665 1204 694 1262 in
711 1203 821 1278 quibus
836 1204 1006 1279 pertinacia
1019 1203 1141 1279 inpedi-

154 1293 288 1347 mentum
303 1302 392 1347 omne
406 1288 612 1347 transscendit
625 1285 822 1360 ostenditque
836 1287 910 1346 nihil
924 1302 997 1347 csse
1013 1287 1141 1349 difficile

155 1372 242 1431 ouius
267 1371 326 1430 sibi
351 1373 420 1445 ipsa
444 1385 531 1430 mens
556 1372 729 1446 patientiam
755 1371 912 1430 indiceret
958 1371 1031 1431 istis
1058 1384 1141 1447 quos

155 1457 248 1528 paulo
263 1460 333 1513 anta
346 1455 444 1526 retuli,
459 1461 512 1512 aut
529 1456 612 1514 nulla
627 1461 686 1514 tam
703 1452 866 1528 pertinacis
887 1454 979 1514 studii
1000 1461 1055 1514 aut
1075 1469 1138 1515 non
1164 1489 1168 1496 ·

155 1537 248 1612 digna
272 1551 391 1596 merces
416 1536 480 1596 luit.
524 1538 598 1612 quid
623 1538 703 1597 enim
723 1537 917 1612 magnificum
938 1539 1141 1615 consequitur

156 1619 206 1678 ille
221 1620 273 1694 qui
294 1620 455 1679 meditatus
471 1626 519 1680 est
533 1636 589 1695 per
603 1622 736 1682 intentos
751 1622 841 1681 lunas
855 1622 921 1680 iret
934 1622 988 1697 qui
998 1622 1141 1683 sarcinae

156 1704 269 1778 ingenti
285 1704 422 1763 cervices
445 1711 644 1778 supponeret
676 1705 728 1780 qui
748 1720 857 1764 somno
879 1720 941 1765 non
962 1705 1142 1766 submittere

158 1787 288 1848 oculosi
315 1788 367 1861 qui
382 1796 543 1862 penetrare
558 1787 588 1847 in
603 1787 694 1848 imum
709 1794 813 1848 maret
833 1794 863 1848 et
877 1797 976 1848 amen
990 1788 1032 1849 ad
1048 1788 1141 1850 linem

127 1867 260 1945 boperis
275 1887 337 1930 non
352 1887 462 1945 magno
477 1879 705 1932 auctoramento
722 1872 808 1932 labor
823 1871 969 1946 pervenit
1000 1872 1067 1933 Nos
1079 1889 1142 1934 nou

158 1953 378 2014 advocabimus
400 1955 588 2030 patientiam,
612 1971 692 2030 quos
713 1963 827 2015 tantum
845 1955 1012 2030 praemium
1026 1971 1141 2033 exspe

158 2046 232 2111 ctat,
254 2037 352 2097 felicis
367 2039 458 2099 animi
472 2040 585 2099 inmota
600 2039 824 2114 nanquiltitasr
856 2039 1007 2113 Quantum
1027 2048 1078 2101 est
1099 2040 1141 2101 el·

157 2123 264 2196 lugere
277 2123 441 2184 maximum
457 2125 568 2183 malum
583 2124 657 2183 iram
676 2131 707 2182 et
727 2138 795 2182 cum
816 2123 867 2183 illa
886 2122 1017 2197 rabiem,
1040 2124 1141 2184 saevi·

157 2206 238 2276 tiam,
259 2207 477 2281 crudelitatem,
493 2209 634 2282 furorem,
651 2206 728 2267 alios
744 2207 871 2266 comites
883 2204 975 2266 eiust

129 2286 145 2338 l
220 2290 298 2349 Xlll.
330 2291 479 2351 Adiectus
494 2291 561 2351 eius
576 2308 637 2352 non
659 2297 708 2350 est
729 2291 813 2365 quod
830 2289 1033 2365 patrocinium
1049 2290 1141 2351 nobis

159 2390 343 2450 quaeramus
359 2382 388 2434 et
403 2383 579 2434 excusatam
595 2375 761 2448 licentiam,
783 2375 920 2434 dicentes
943 2380 996 2434 aut
1015 2374 1091 2433 utile
1110 2372 1140 2433 id

158 2473 230 2516 csse
244 2464 297 2517 ant
310 2456 497 2517 inevitabile:
520 2459 569 2518 cui
584 2459 664 2518 enim
678 2458 801 2518 tandem
814 2458 886 2517 vitio
904 2457 1077 2518 advocatus
1089 2456 1141 2517 de

159 2539 234 2598 tuiti
267 2547 391 2598 nonest
409 2541 493 2614 quod
508 2541 594 2601 dicas
615 2541 716 2600 excidi
732 2558 793 2600 non
809 2556 919 2615 possa:
949 2538 1141 2601 sanabilibus

159 2629 353 2696 aegrotamus
368 2621 455 2682 malis
470 2624 600 2698 ipsaque
614 2640 673 2683 nos
694 2624 723 2682 in
745 2631 861 2683 rectum
880 2624 1001 2698 genitos
1023 2630 1142 2695 natura,

159 2706 186 2766 si
201 2703 356 2763 emendari
372 2704 509 2780 velimus,
526 2707 617 2765 iuvat.
650 2722 716 2780 nec,
733 2714 765 2767 ut
777 2707 959 2782 quibusdam
970 2708 1072 2767 visum
1084 2714 1141 2781 est,

159 2789 288 2848 arduum
310 2788 339 2846 in
360 2787 486 2849 virtmes
502 2798 532 2850 et
545 2806 689 2864 asperum
704 2791 760 2850 iter
776 2797 837 2850 est:
865 2788 955 2866 plano
977 2790 1141 2851 adeuntnu.

130 2872 225 2932 2Non
239 2887 338 2931 vanae
353 2873 441 2932 vobis
456 2880 562 2933 auctor
581 2874 625 2932 rei
639 2875 740 2935 venio.
771 2873 869 2934 facilis
890 2881 939 2934 est
958 2873 999 2933 ad
1018 2873 1141 2934 beatam

159 2958 252 3016 vitam
265 2956 330 3015 via:
357 2955 429 3016 inite
449 2958 541 3017 modo
562 2958 652 3018 bonis
674 2958 821 3033 auspiciis
836 2958 976 3032 ipsisque
996 2957 1046 3017 dIs
1060 2957 1142 3018 bene

158 3040 342 3100 iuvantibus.
373 3042 467 3100 multo
489 3041 642 3102 difficilius
664 3049 712 3102 est
731 3043 834 3101 iacere
855 3041 914 3100 ista
934 3056 1014 3115 quae
1028 3039 1141 3102 facitis.

160 3122 236 3196 Quid
252 3131 300 3183 est
313 3124 403 3182 animi
421 3125 521 3198 quiete
536 3125 675 3198 otiosius,
691 3123 765 3199 quid
779 3127 825 3184 ira
839 3124 1046 3185 laboriosiust
1065 3123 1142 3199 quid

160 3206 321 3265 clementia
334 3206 503 3290 remissius,
523 3208 597 3283 quid
611 3209 788 3269 crudelitate
801 3207 1015 3282 negotiosiust
1033 3256 1036 3262 .
1050 3214 1141 3268 vacat

161 3289 314 3365 pudicitia,
331 3289 423 3350 libido
439 3291 677 3366 occupatissima
691 3300 747 3353 est.
780 3291 913 3353 omnium
928 3291 1063 3366 denique
1077 3291 1138 3350 vir-

131 3381 254 3437 atutum
275 3375 369 3434 tutela
389 3373 487 3435 facilis
507 3381 570 3450 est,
586 3376 659 3437 vitia
673 3392 783 3452 magno
796 3377 945 3436 coluntur.
980 3374 1079 3435 Debet
1093 3375 1139 3433 ira

159 3457 318 3518 removeri.
350 3458 410 3519 hoc
435 3475 474 3519 ex
498 3466 585 3535 parte
610 3462 741 3521 latentur
759 3459 849 3520 etiam
871 3459 923 3534 qui
944 3457 1050 3519 dicunt
1065 3473 1138 3518 esse
