2378 3856
155 203 209 263 ΑΙ)
230 202 413 264 lineolam
433 200 483 263 llll
505 198 805 264 clillsolu'lloull.
828 212 930 266 1213.
973 203 1034 268 12³

59 354 211 415 solatium.
233 354 300 415 Non
315 352 503 414 mehercules
517 360 579 413 um
595 355 674 414 male
686 354 725 413 de
739 353 875 414 moribus
890 354 950 414 tuis
965 369 1065 425 sen-5

59 439 111 509 tio,
126 444 160 497 ut
173 445 277 513 potem
292 447 389 512 posse
402 443 432 497 tc
445 435 544 497 levius
564 437 627 512 pati
642 443 856 510 easum‘tuum,
877 435 971 499 sitici
989 436 1033 496 in-

59 528 180 596 gentem
201 520 367 594 lugentium
385 532 540 580 numerum
563 520 756 594 produxero:
779 521 912 580 malivoli
932 521 1033 582 solatii

59 619 158 679 genus
173 605 316 664 esttmca
325 603 514 665 miserorum.
536 604 688 678 quosdam
701 609 801 663 tumen
816 604 955 678 retortu,
970 617 1033 664 non

60 695 93 747 ut
107 689 188 747 scias
210 685 554 748 nocsolerohomlnibus
565 687 715 760 accidere,
727 686 891 747 ridlculam
898 688 1032 747 ostemru

59 771 250 831 mortalitatis
266 770 407 845 exempla
421 771 574 845 colligere,
589 769 688 830 sedut
702 770 784 829 scias
800 768 896 830 luisse
911 773 1031 842 multos,

62 854 115 928 qui
130 854 258 915 lenirent
276 870 389 928 aspera
403 853 523 928 placide
546 852 683 914 terendo.
710 856 738 913 A
760 853 936 913 felicissimo
958 853 1064 917 inci-6

61 937 160 1012 piam:
181 934 214 994 L.
227 936 311 999 sidia
324 937 419 998 illium
431 937 539 1010 amisit,
554 950 612 998 nec
626 951 664 997 ea
676 950 726 996 res
742 943 794 996 aut
807 937 951 997 malitiam
965 937 1033 996 eius

61 1027 93 1079 ct
107 1021 284 1080 acerrimam
296 1020 436 1080 virtutem
451 1020 481 1081 in
492 1019 599 1081 hostes
614 1021 760 1096 civesque
774 1020 910 1081 contudit
924 1026 976 1080 aut
989 1021 1032 1079 el-

60 1102 142 1176 leclt,
162 1107 196 1162 ut
206 1116 376 1179 cognomen
398 1103 473 1164 illud
484 1104 656 1179 usurpasse
670 1105 757 1164 salvo
774 1103 929 1163 videretur
949 1103 1033 1178 quod
1099 1174 1103 1181 ,

62 1187 176 1246 amisso
191 1185 253 1248 illio
267 1187 448 1262 adsumpsit.
481 1196 538 1246 nec
551 1188 625 1246 *odia
646 1186 802 1246 hominum
813 1185 940 1260 veritus,
956 1203 1031 1263 quo-

60 1284 128 1329 rum
143 1270 222 1330 malo
237 1270 308 1331 illae
321 1269 410 1330 nimis
422 1271 582 1330 >monicae
595 1282 645 1329 res
653 1276 804 1340 constant,
817 1283 875 1327 nee
890 1269 1033 1328 invidiam

62 1353 198 1424 deorum,
216 1365 349 1430 ¹quorum
370 1351 445 1412 illud
458 1353 572 1411 crimen
587 1359 661 1425 erat,
685 1350 769 1411 Sulla
782 1356 843 1410 tam
858 1352 941 1410 felix.
977 1353 1034 1410 sed

61 1436 144 1496 istud
157 1438 235 1496 inter
249 1450 300 1496 res
316 1435 451 1496 nondum
471 1434 621 1495 iudicatas
636 1435 733 1508 abeat,
755 1435 854 1509 qualis
870 1433 954 1494 Sulla
968 1435 1032 1494 lue-

59 1520 109 1578 rit.
129 1520 217 1578 etiarn
234 1519 344 1578 inimici
359 1518 533 1578 fatebuntur
549 1518 629 1578 bene
643 1519 726 1579 illum
747 1534 831 1578 arum
851 1518 1031 1592 sumpsisse,

60 1602 141 1660 bene
155 1603 316 1676 posuisset
329 1601 389 1662 hoc
403 1601 442 1660 de
458 1614 521 1676 quo
530 1602 629 1677 agitur
639 1600 797 1675 constabit,
814 1616 874 1661 non
885 1615 958 1662 esse
969 1617 1031 1660 ma-

60 1685 175 1744 ximum
189 1687 301 1747 malum
317 1682 506 1761 quodetiam
518 1686 558 1744 ad
570 1685 763 1747 felicissimos
780 1687 927 1760 pervenit.

122 1765 199 1829 xlll.
220 1769 264 1829 lle
277 1768 366 1830 nimis
379 1767 543 1830 admiretur
555 1769 684 1830 Graecia
698 1767 780 1830 illurn
796 1776 921 1844 patrem,
937 1768 1033 1843 quiin
1051 1780 1066 1832 1

61 1850 131 1925 ipso
147 1853 298 1913 sacrificio
313 1853 448 1913 nuntiata
462 1851 514 1912 ulii
526 1859 622 1912 morte
633 1851 787 1913 tibicinem
801 1858 916 1912 tantum
930 1860 1032 1912 tacere

60 1934 151 1994 iussit
164 1942 195 1997 et
208 1935 457 2012 eoronamcaplti
469 1936 612 2010 detraxit,
630 1943 731 1996 cetera
745 1937 801 1996 rite
813 1935 950 2011 perfecit,
964 1933 1031 1994 litl-

61 2017 152 2077 villus
167 2016 426 2102 ellecltpontliex,
441 2019 489 2080 cul
500 2026 621 2094 postem
635 2017 1031 2094 teuentietcapitolium-de-

61 2099 174 2158 dicanti
188 2115 271 2162 mors
286 2101 339 2161 filii
350 2101 486 2162 nuntiata
505 2109 561 2162 est.
591 2118 683 2178 quam
697 2103 747 2161 ille
762 2101 928 2161 exaudisse
942 2099 1032 2158 dissi*

61 2183 183 2242 mulaoit
197 2191 228 2243 et
246 2184 405 2243 sollemnia
420 2185 587 2260 [pumicata
608 2184 753 2262 emmim]
777 2185 871 2244 verba
890 2182 1033 2256 concepit

60 2267 174 2340 gemitu
195 2279 255 2327 nort
269 2264 507 2342 inteniunpaute
521 2267 728 2343 precationem
746 2273 776 2326 et
786 2267 826 2325 ad
842 2266 895 2326 ulii
909 2266 958 2325 sui
979 2278 1032 2324 no

61 2363 130 2408 men
146 2349 219 2410 love
234 2349 406 2426 propitiato.
437 2348 583 2410 Putasses
597 2350 664 2409 eius
679 2350 779 2409 luctus
796 2350 927 2425 aliquem
941 2348 1064 2408 fiucmz

61 2447 133 2492 esse
148 2432 269 2508 debere,
282 2431 371 2494 cuius
386 2433 500 2509 primus
513 2433 580 2494 dics
595 2440 625 2492 et
639 2432 755 2508 primus
770 2432 890 2508 inpetus
905 2431 944 2491 ab
958 2432 1030 2490 alta-

59 2516 145 2576 ribus
161 2515 292 2591 publicis
307 2524 337 2578 et
351 2518 452 2578 fausta
463 2516 757 2592 nuncupationenou
766 2515 1029 2590 abduxltpatrcm=

60 2597 171 2673 dignus
196 2599 386 2664 mehercules
407 2601 464 2664 luit
483 2599 671 2660 memorabili
694 2599 898 2672 dedicatione,
918 2597 1030 2673 dignus

60 2682 248 2756 amplissimo
264 2685 448 2758 sacerdotio,
465 2685 516 2761 qui
530 2686 632 2746 colere
649 2682 727 2743 deos
742 2699 781 2743 ue
796 2683 890 2744 iratos
906 2681 1030 2756 quidem

60 2763 183 2824 destitit.
210 2767 291 2828 idem
305 2776 405 2829 minen
422 2777 455 2830 ut
468 2768 556 2829 rediit
574 2769 707 2841 domurn,
728 2772 759 2827 et
775 2766 904 2841 inplevit
922 2765 1030 2824 oculos

59 2855 89 2908 et
102 2847 222 2922 aliquas
235 2865 330 2910 voees
342 2849 460 2911 debiles
479 2852 561 2911 misit
579 2856 610 2911 et
624 2852 756 2925 peractis
778 2864 857 2924 quaa
877 2863 945 2906 mos
966 2854 1031 2904 erat

59 2938 219 3006 praestare
232 2932 392 3009 defunctis,
414 2935 454 2992 ad
468 2933 671 3008 capitolinum
691 2933 774 2991 illurn
795 2930 886 2990 rediit
905 2930 1030 2989 voltum.

58 3013 171 3075 Paulus
186 3014 268 3075 eirca
281 3014 350 3075 illos
365 3015 545 3076 nobilissimi
560 3014 703 3089 triumphi
724 3014 800 3087 dies,
819 3028 882 3089 quo
899 3012 1063 3078 trinomia

59 3104 129 3174 ante
142 3114 264 3159 currum
285 3098 346 3174 egit
358 3095 482 3172 Persen,
499 3097 604 3172 [incliti
615 3096 697 3172 regis
708 3103 840 3171 nomem]
858 3096 937 3157 duos
949 3095 1028 3156 illios

59 3181 90 3240 in
105 3181 301 3257 adoptionem
314 3180 408 3242 dedit.
434 3196 512 3257 quos
534 3181 591 3243 sibi
606 3188 791 3255 servaverat,
814 3180 926 3241 extulit.
954 3196 1050 3255 qua--

58 3264 105 3323 les
120 3272 253 3326 retentos
267 3273 367 3340 putas,
385 3279 452 3326 com
466 3267 543 3327 inter
551 3266 764 3326 commodatos
780 3263 884 3339 Scipio
901 3263 1029 3323 luisseti

57 3345 126 3407 lion
143 3347 209 3408 sine
223 3355 307 3409 motu
326 3363 456 3409 vacuum
471 3347 556 3409 Pauli
577 3360 699 3409 currum
718 3348 852 3424 populus
870 3347 1028 3405 Romanus

60 3427 210 3505 adspexit.
233 3431 433 3494 concionatus
448 3433 495 3493 ost
510 3439 611 3492 tamen
626 3437 657 3492 et
671 3432 732 3506 egit
742 3431 790 3490 dls
805 3429 929 3504 gratias,
944 3426 1030 3503 quod
