2378 3856
446 482 847 571 ttttffltllttttl

401 638 452 689 Ab
475 636 663 689 NERONEM
686 636 896 690 CAESAREM

282 751 1025 856 otcttttalt'ltt

561 918 696 982 tiana
716 919 740 980 1.

138 1205 153 1256 1
228 1191 251 1247 1.
281 1187 422 1249 Scribere
444 1188 484 1248 de
504 1188 678 1262 clementia,
700 1186 779 1248 Nero
798 1185 928 1261 Caesar,
955 1188 1092 1265 institui,
1110 1197 1139 1249 ut

167 1271 393 1350 quodammodo
416 1270 535 1347 speculi
549 1272 616 1331 vice
631 1272 772 1345 fungerer
786 1278 817 1332 ct
831 1277 860 1330 te
872 1269 930 1332 tibi
944 1273 1138 1335 ostenderem

165 1363 381 1434 perventurum
396 1356 437 1415 ad
450 1356 636 1431 voluptatem
650 1354 813 1414 maximam
826 1352 974 1415 omnium.
1002 1356 1137 1434 quamvis

166 1441 245 1500 enim
265 1448 349 1499 recte
366 1440 515 1498 laetorum
527 1453 620 1497 verus
635 1438 750 1498 tructus
764 1436 805 1498 sit
820 1437 952 1513 recisse,
973 1454 1038 1501 nec
1051 1440 1137 1503 ullum

165 1522 309 1584 virtutum
331 1521 461 1596 pretium
481 1520 605 1596 dignum
626 1519 686 1581 iltis
706 1526 793 1583 extra
811 1520 899 1595 ipsas
921 1522 978 1597 sit,
1000 1522 1136 1586 iuratio·

166 1607 287 1681 spicere
308 1613 338 1665 et
357 1605 515 1666 circumire
531 1604 645 1665 bonam
659 1604 891 1677 conscientiam,
910 1610 977 1667 tum
993 1606 1137 1669 immittere
1181 1656 1183 1661 .

167 1690 275 1750 oculos
290 1689 320 1749 ιιι
334 1688 413 1748 hano
428 1690 594 1748 inmensam
609 1686 830 1761 multitudinem
842 1685 1041 1767 discordem,
1061 1689 1136 1773 sedl-

166 1775 291 1844 tiosam,
312 1772 514 1846 inpotentem,
536 1773 574 1830 in·
587 1771 752 1846 perniciem
773 1770 903 1830 abenam
918 1776 1135 1851 suamqu'epa·

165 1856 239 1915 riter
259 1854 492 1927 exsultaturam,
521 1854 548 1913 si
568 1853 656 1912 lroc'
648 1869 752 1928 rugum
771 1854 910 1930 inegerit,
936 1861 969 1917 et
990 1854 1036 1919 ita
1057 1856 1137 1932 loqui

139 1953 287 2008 psecum·
315 1937 422 2012 Egone
439 1953 477 1997 ex
494 1935 634 1997 omnibus
649 1936 826 1999 mortalibus
844 1937 948 2013 placui
961 1940 1136 2038 electroque

167 2040 244 2096 sum,
262 2018 358 2096 quiin
373 2020 462 2081 terris
474 2020 601 2082 deorum
612 2021 680 2081 vice
694 2021 856 2096 tungerert
877 2036 937 2097 ego
947 2022 1138 2087 vtueuccis

167 2121 228 2182 que
248 2103 389 2179 gentibus
404 2103 536 2166 arbiter?
555 2105 676 2181 qualem
691 2105 822 2181 quisque
835 2110 952 2167 sortem
967 2114 1136 2184 statumque

167 2188 321 2261 habeat,
314 2205 343 2246 m
365 2203 455 2248 manu
475 2204 543 2248 mea
563 2189 696 2263 positum
717 2195 785 2249 est?
809 2188 882 2263 quid
900 2190 1018 2267 cuique
1031 2196 1136 2253 morta·

167 2270 238 2332 lium
253 2272 385 2332 Fortuna
397 2272 499 2333 datum
514 2271 600 2342 velit,
617 2287 685 2331 meo
699 2288 753 2333 ore
767 2269 962 2348 pronuntiat
983 2290 1027 2335 ex
1035 2278 1135 2337 noser

166 2370 320 2429 responso
340 2353 473 2415 laetitiae
496 2371 606 2416 causas
631 2357 738 2431 populi
762 2355 918 2431 urbesque
943 2358 1136 2435 concipiunt

167 2438 249 2497 nulla
269 2454 342 2510 pars
363 2454 494 2511 nsquam
512 2437 571 2498 nisi
587 2438 713 2499 volente
733 2440 930 2515 propitioque
955 2457 1006 2502 me
1032 2440 1136 2504 tlorctt

166 2520 243 2576 haec
262 2526 307 2578 ιοι
329 2519 410 2578 milia
430 2520 615 2594 gladiorum,
637 2537 716 2596 quae
735 2538 798 2597 pax
817 2538 886 2582 mea
899 2524 1080 2601 conprimit,
1099 2522 1137 2585 ad

167 2607 273 2659 nutum
287 2615 386 2659 meum
401 2600 607 2675 stringenturr
629 2620 708 2677 quas
722 2606 862 2666 nationes
878 2607 1018 2669 funditus
1030 2606 1136 2705 excidi.

168 2701 244 2760 quas
266 2684 481 2759 transportari,
503 2685 614 2760 quibus
636 2686 804 2748 libertatem
819 2689 900 2762 dari,
924 2689 1041 2790 quibus
1054 2690 1136 2788 eripi,

168 2786 246 2844 quos
267 2784 358 2843 reges
378 2768 529 2843 mancipia
549 2769 615 2830 fieri
637 2786 829 2846 quorumque
844 2773 935 2848 capiti
949 2775 1069 2851 regium
1083 2775 1137 2835 cir

167 2852 302 2912 cunrdari
323 2852 419 2913 decus
435 2858 589 2927 oporteat,
614 2870 694 2929 quae
707 2862 797 2916 ruant
810 2854 919 2931 urbes,
943 2874 1027 2933 quae
1040 2858 1137 2920 orian-

137 2943 227 3009 3tur,
245 2950 312 2994 mea
324 2935 492 2997 iurisdictio
505 2945 574 2997 esta
604 2938 637 2995 In
649 2938 707 2996 hac
717 2944 801 2998 tanta
811 2939 953 3001 facultate
963 2955 1068 3003 rerum
1078 2958 1139 3002 non

165 3018 211 3076 ira
230 3033 278 3076 me
300 3018 368 3076 ad
360 3018 467 3093 iniqua
483 3020 633 3094 supplicia
649 3021 798 3097 conpulit,
819 3039 880 3083 non
895 3022 1063 3087 iuvenilis‘
1053 3040 1138 3101 rupe

166 3108 230 3172 tus,
253 3116 314 3159 non
333 3101 486 3162 temeritas
506 3102 660 3163 hominum
675 3110 705 3164 et
719 3107 924 3183 contummia,
948 3123 1140 3184 quamsaepe

165 3182 422 3258 tranquillissimis
450 3202 574 3260 quoque
600 3186 776 3261 pectoribus
801 3190 979 3265 patientiam
999 3194 1139 3265 extorsit,

166 3282 227 3325 non
248 3265 318 3342 ipsa
342 3267 541 3327 ostentandae
562 3285 619 3365 per
638 3277 769 3332 terrores
791 3274 946 3348 potentiae
965 3274 1055 3352 dira,
1084 3275 1141 3337 sed

167 3349 313 3424 frequens
328 3350 451 3445 magnis
472 3351 606 3425 imperiis
626 3352 732 3426 gloria.
767 3355 1052 3433 conditum,1mmo
1067 3376 1140 3422 con·
