<?xml version="1.0" encoding="UTF-8"?>
<!DOCTYPE html PUBLIC "-//W3C//DTD XHTML 1.0 Transitional//EN"
    "http://www.w3.org/TR/xhtml1/DTD/xhtml1-transitional.dtd">
<html xmlns="http://www.w3.org/1999/xhtml" xml:lang="en" lang="en">
 <head>
  <title>
</title>
<meta http-equiv="Content-Type" content="text/html;charset=utf-8" />
  <meta name='ocr-system' content='tesseract 3.04.00' />
  <meta name='ocr-capabilities' content='ocr_page ocr_carea ocr_par ocr_line ocrx_word'/>
</head>
<body>
  <div class='ocr_page' id='page_1' title='image "./lannaeisenecaeo03senegoog_0279.png"; bbox 0 0 2378 3856; ppageno 0'>
   <div class='ocr_carea' id='block_1_1' title="bbox 84 194 775 267">
    <p class='ocr_par' dir='ltr' id='par_1_1' title="bbox 84 194 775 267">
     <span class='ocr_line' id='line_1_1' title="bbox 84 194 775 267; baseline -0.012 0"><span class='ocrx_word' id='word_1_1' title='bbox 84 200 147 267; x_wconf 70' lang='lat'><strong>262</strong></span> <span class='ocrx_word' id='word_1_2' title='bbox 374 202 404 259; x_wconf 89' lang='lat' dir='ltr'><strong>L.</strong></span> <span class='ocrx_word' id='word_1_3' title='bbox 425 197 571 258; x_wconf 70' lang='lat' dir='ltr'><strong>hannul</strong></span> <span class='ocrx_word' id='word_1_4' title='bbox 592 194 775 259; x_wconf 78' lang='lat' dir='ltr'>SENECAE</span> 
     </span>
    </p>
   </div>
   <div class='ocr_carea' id='block_1_2' title="bbox 125 346 1054 841">
    <p class='ocr_par' dir='ltr' id='par_1_2' title="bbox 127 346 1054 493">
     <span class='ocr_line' id='line_1_2' title="bbox 127 346 1054 422; baseline -0.001 -10"><span class='ocrx_word' id='word_1_5' title='bbox 127 351 224 412; x_wconf 80' lang='lat' dir='ltr'><strong>Crede</strong></span> <span class='ocrx_word' id='word_1_6' title='bbox 238 348 324 420; x_wconf 90' lang='lat' dir='ltr'><strong>mihi,</strong></span> <span class='ocrx_word' id='word_1_7' title='bbox 346 348 427 407; x_wconf 82' lang='lat' dir='ltr'><strong>vires</strong></span> <span class='ocrx_word' id='word_1_8' title='bbox 442 348 562 422; x_wconf 88' lang='lat' dir='ltr'><strong>aliquas</strong></span> <span class='ocrx_word' id='word_1_9' title='bbox 578 353 685 407; x_wconf 81' lang='lat' dir='ltr'><strong>natura</strong></span> <span class='ocrx_word' id='word_1_10' title='bbox 699 346 885 422; x_wconf 79' lang='lat' dir='ltr'><strong>sepulchris</strong></span> <span class='ocrx_word' id='word_1_11' title='bbox 1043 360 1054 411; x_wconf 76' lang='lat'><strong>5</strong></span> 
     </span>
     <span class='ocr_line' id='line_1_3' title="bbox 168 429 856 493; baseline -0.003 -2"><span class='ocrx_word' id='word_1_12' title='bbox 168 432 324 493; x_wconf 81' lang='lat' dir='ltr'><strong>Auribuil:</strong></span> <span class='ocrx_word' id='word_1_13' title='bbox 344 430 477 491; x_wconf 85' lang='lat' dir='ltr'><strong>tumulos</strong></span> <span class='ocrx_word' id='word_1_14' title='bbox 491 430 626 490; x_wconf 83' lang='lat' dir='ltr'><strong>vindicat</strong></span> <span class='ocrx_word' id='word_1_15' title='bbox 639 429 748 489; x_wconf 87' lang='lat' dir='ltr'><strong>umbra</strong></span> <span class='ocrx_word' id='word_1_16' title='bbox 761 444 856 492; x_wconf 85' lang='lat' dir='ltr'><strong>suos.</strong></span> 
     </span>
    </p>

    <p class='ocr_par' dir='ltr' id='par_1_3' title="bbox 128 511 921 659">
     <span class='ocr_line' id='line_1_4' title="bbox 128 511 921 591; baseline 0 -16"><span class='ocrx_word' id='word_1_17' title='bbox 128 518 217 591; x_wconf 89' lang='lat' dir='ltr'><strong>lpsos</strong></span> <span class='ocrx_word' id='word_1_18' title='bbox 233 515 325 576; x_wconf 86' lang='lat' dir='ltr'><strong>crede</strong></span> <span class='ocrx_word' id='word_1_19' title='bbox 340 515 417 574; x_wconf 92' lang='lat' dir='ltr'><strong>deos</strong></span> <span class='ocrx_word' id='word_1_20' title='bbox 431 512 492 574; x_wconf 88' lang='lat' dir='ltr'><strong>hoc</strong></span> <span class='ocrx_word' id='word_1_21' title='bbox 506 528 587 574; x_wconf 87' lang='lat' dir='ltr'><strong>nunc</strong></span> <span class='ocrx_word' id='word_1_22' title='bbox 601 512 654 572; x_wconf 89' lang='lat' dir='ltr'><strong>libi</strong></span> <span class='ocrx_word' id='word_1_23' title='bbox 668 511 792 587; x_wconf 84' lang='lat' dir='ltr'><strong>dicere,</strong></span> <span class='ocrx_word' id='word_1_24' title='bbox 816 512 921 591; x_wconf 86' lang='lat' dir='ltr'><strong>livor,</strong></span> 
     </span>
     <span class='ocr_line' id='line_1_5' title="bbox 167 594 871 659; baseline -0.009 0"><span class='ocrx_word' id='word_1_25' title='bbox 167 599 234 659; x_wconf 89' lang='lat' dir='ltr'><strong>Hoc</strong></span> <span class='ocrx_word' id='word_1_26' title='bbox 249 598 302 658; x_wconf 85' lang='lat' dir='ltr'><strong>tibi</strong></span> <span class='ocrx_word' id='word_1_27' title='bbox 317 612 398 658; x_wconf 87' lang='lat' dir='ltr'><strong>nuno</strong></span> <span class='ocrx_word' id='word_1_28' title='bbox 412 612 518 657; x_wconf 88' lang='lat' dir='ltr'><strong>manes</strong></span> <span class='ocrx_word' id='word_1_29' title='bbox 533 594 637 656; x_wconf 84' lang='lat' dir='ltr'><strong>dicere</strong></span> <span class='ocrx_word' id='word_1_30' title='bbox 651 595 745 657; x_wconf 85' lang='lat' dir='ltr'><strong>crede</strong></span> <span class='ocrx_word' id='word_1_31' title='bbox 759 610 871 659; x_wconf 68' lang='lat' dir='ltr'><strong>measa</strong></span> 
     </span>
    </p>

    <p class='ocr_par' dir='ltr' id='par_1_4' title="bbox 125 680 1054 841">
     <span class='ocr_line' id='line_1_6' title="bbox 125 680 903 757; baseline -0.003 -14"><span class='ocrx_word' id='word_1_32' title='bbox 125 684 187 743; x_wconf 84' lang='lat' dir='ltr'><strong>lles</strong></span> <span class='ocrx_word' id='word_1_33' title='bbox 202 690 251 743; x_wconf 81' lang='lat' dir='ltr'><strong>esl</strong></span> <span class='ocrx_word' id='word_1_34' title='bbox 265 697 369 757; x_wconf 85' lang='lat' dir='ltr'><strong>sacra,</strong></span> <span class='ocrx_word' id='word_1_35' title='bbox 388 682 492 745; x_wconf 81' lang='lat' dir='ltr'><strong>mirer.</strong></span> <span class='ocrx_word' id='word_1_36' title='bbox 518 680 582 741; x_wconf 88' lang='lat' dir='ltr'><strong>noli</strong></span> <span class='ocrx_word' id='word_1_37' title='bbox 595 694 665 743; x_wconf 82' lang='lat' dir='ltr'><strong>mea</strong></span> <span class='ocrx_word' id='word_1_38' title='bbox 676 686 808 757; x_wconf 72' lang='lat' dir='ltr'><strong>ungere</strong></span> <span class='ocrx_word' id='word_1_39' title='bbox 823 680 903 741; x_wconf 74' lang='lat' dir='ltr'><strong>lata</strong></span> 
     </span>
     <span class='ocr_line' id='line_1_7' title="bbox 169 763 1054 841; baseline -0.008 -15"><span class='ocrx_word' id='word_1_40' title='bbox 169 766 343 841; x_wconf 75' lang='lat' dir='ltr'><strong>sacrilegae</strong></span> <span class='ocrx_word' id='word_1_41' title='bbox 357 764 455 825; x_wconf 82' lang='lat' dir='ltr'><strong>bustis</strong></span> <span class='ocrx_word' id='word_1_42' title='bbox 470 763 645 824; x_wconf 82' lang='lat' dir='ltr'><strong>abstinuere</strong></span> <span class='ocrx_word' id='word_1_43' title='bbox 659 776 780 823; x_wconf 84' lang='lat' dir='ltr'><strong>manus.</strong></span> <span class='ocrx_word' id='word_1_44' title='bbox 1028 774 1054 825; x_wconf 84' lang='lat' dir='ltr'><strong>ll</strong></span> 
     </span>
    </p>
   </div>
   <div class='ocr_carea' id='block_1_3' title="bbox 126 862 875 1004">
    <p class='ocr_par' dir='ltr' id='par_1_5' title="bbox 126 862 875 1004">
     <span class='ocr_line' id='line_1_8' title="bbox 126 862 875 1004; baseline 0.004 -13"><span class='ocrx_word' id='word_1_45' title='bbox 126 866 265 992; x_wconf 43' lang='lat' dir='ltr'><strong>domnina</strong></span> <span class='ocrx_word' id='word_1_46' title='bbox 278 930 433 991; x_wconf 78' lang='lat' dir='ltr'><strong>mortifero</strong></span> <span class='ocrx_word' id='word_1_47' title='bbox 448 938 500 989; x_wconf 87' lang='lat' dir='ltr'><strong>lua</strong></span> <span class='ocrx_word' id='word_1_48' title='bbox 514 862 718 991; x_wconf 51' lang='grc' dir='ltr'><strong>ἑιξιξῑὲιιῶιεα</strong></span> <span class='ocrx_word' id='word_1_49' title='bbox 730 894 875 1004; x_wconf 61' lang='lat' dir='ltr'><strong>veneno,</strong></span> 
     </span>
    </p>
   </div>
   <div class='ocr_carea' id='block_1_4' title="bbox 122 1011 1054 3505">
    <p class='ocr_par' dir='ltr' id='par_1_6' title="bbox 165 1011 849 1089">
     <span class='ocr_line' id='line_1_9' title="bbox 165 1011 849 1089; baseline -0.003 -16"><span class='ocrx_word' id='word_1_50' title='bbox 165 1016 203 1073; x_wconf 83' lang='lat' dir='ltr'><strong>El</strong></span> <span class='ocrx_word' id='word_1_51' title='bbox 217 1022 288 1074; x_wconf 82' lang='lat' dir='ltr'><strong>sunl</strong></span> <span class='ocrx_word' id='word_1_52' title='bbox 302 1011 478 1073; x_wconf 84' lang='lat' dir='ltr'><strong>criminibus</strong></span> <span class='ocrx_word' id='word_1_53' title='bbox 494 1019 622 1087; x_wconf 79' lang='lat' dir='ltr'>pectora</span> <span class='ocrx_word' id='word_1_54' title='bbox 635 1013 722 1089; x_wconf 77' lang='lat' dir='ltr'><strong>nigra</strong></span> <span class='ocrx_word' id='word_1_55' title='bbox 735 1013 849 1089; x_wconf 77' lang='lat' dir='ltr'><strong>magis.</strong></span> 
     </span>
    </p>

    <p class='ocr_par' dir='ltr' id='par_1_7' title="bbox 123 1094 952 1256">
     <span class='ocr_line' id='line_1_10' title="bbox 123 1094 952 1173; baseline 0.006 -18"><span class='ocrx_word' id='word_1_56' title='bbox 123 1098 217 1156; x_wconf 89' lang='lat' dir='ltr'><strong>Nemo</strong></span> <span class='ocrx_word' id='word_1_57' title='bbox 232 1104 302 1158; x_wconf 86' lang='lat' dir='ltr'><strong>luos</strong></span> <span class='ocrx_word' id='word_1_58' title='bbox 317 1096 427 1171; x_wconf 82' lang='lat' dir='ltr'><strong>fugiat,</strong></span> <span class='ocrx_word' id='word_1_59' title='bbox 449 1112 511 1157; x_wconf 94' lang='lat' dir='ltr'><strong>non</strong></span> <span class='ocrx_word' id='word_1_60' title='bbox 528 1097 589 1169; x_wconf 90' lang='lat' dir='ltr'><strong>vir,</strong></span> <span class='ocrx_word' id='word_1_61' title='bbox 612 1112 673 1155; x_wconf 90' lang='lat' dir='ltr'><strong>non</strong></span> <span class='ocrx_word' id='word_1_62' title='bbox 689 1094 804 1157; x_wconf 82' lang='lat' dir='ltr'><strong>lemine</strong></span> <span class='ocrx_word' id='word_1_63' title='bbox 818 1096 952 1173; x_wconf 79' lang='lat' dir='ltr'><strong>dentes,</strong></span> 
     </span>
     <span class='ocr_line' id='line_1_11' title="bbox 163 1179 920 1256; baseline 0.003 -16"><span class='ocrx_word' id='word_1_64' title='bbox 163 1180 253 1240; x_wconf 85' lang='lat' dir='ltr'>Haud</span> <span class='ocrx_word' id='word_1_65' title='bbox 270 1196 360 1256; x_wconf 91' lang='lat' dir='ltr'><strong>puer,</strong></span> <span class='ocrx_word' id='word_1_66' title='bbox 381 1179 464 1240; x_wconf 90' lang='lat' dir='ltr'><strong>haud</strong></span> <span class='ocrx_word' id='word_1_67' title='bbox 479 1188 565 1240; x_wconf 86' lang='lat' dir='ltr'><strong>aelas</strong></span> <span class='ocrx_word' id='word_1_68' title='bbox 579 1180 716 1256; x_wconf 92' lang='lat' dir='ltr'><strong>undique</strong></span> <span class='ocrx_word' id='word_1_69' title='bbox 730 1186 797 1241; x_wconf 83' lang='lat' dir='ltr'><strong>tuta</strong></span> <span class='ocrx_word' id='word_1_70' title='bbox 811 1181 920 1255; x_wconf 83' lang='lat' dir='ltr'><strong>senis,</strong></span> 
     </span>
    </p>

    <p class='ocr_par' dir='ltr' id='par_1_8' title="bbox 123 1262 1046 1424">
     <span class='ocr_line' id='line_1_12' title="bbox 123 1262 1046 1339; baseline -0.002 -14"><span class='ocrx_word' id='word_1_71' title='bbox 123 1266 224 1339; x_wconf 80' lang='lat' dir='ltr'><strong>thue</strong></span> <span class='ocrx_word' id='word_1_72' title='bbox 240 1265 345 1325; x_wconf 80' lang='lat' dir='ltr'><strong>furens</strong></span> <span class='ocrx_word' id='word_1_73' title='bbox 359 1271 440 1324; x_wconf 83' lang='lat' dir='ltr'><strong>totas</strong></span> <span class='ocrx_word' id='word_1_74' title='bbox 453 1262 583 1325; x_wconf 82' lang='lat' dir='ltr'><strong>immittit</strong></span> <span class='ocrx_word' id='word_1_75' title='bbox 597 1278 673 1324; x_wconf 84' lang='lat' dir='ltr'><strong>saxa</strong></span> <span class='ocrx_word' id='word_1_76' title='bbox 689 1262 856 1338; x_wconf 80' lang='lat' dir='ltr'><strong>parur-bes</strong></span> <span class='ocrx_word' id='word_1_77' title='bbox 1033 1271 1046 1323; x_wconf 73' lang='lat' dir='ltr'><strong>a</strong></span> 
     </span>
     <span class='ocr_line' id='line_1_13' title="bbox 167 1344 854 1424; baseline -0.003 -17"><span class='ocrx_word' id='word_1_78' title='bbox 167 1350 200 1407; x_wconf 96' lang='lat' dir='ltr'><strong>ln</strong></span> <span class='ocrx_word' id='word_1_79' title='bbox 215 1350 378 1424; x_wconf 91' lang='lat' dir='ltr'><strong>populum,</strong></span> <span class='ocrx_word' id='word_1_80' title='bbox 400 1348 447 1409; x_wconf 89' lang='lat' dir='ltr'><strong>sic</strong></span> <span class='ocrx_word' id='word_1_81' title='bbox 461 1355 494 1409; x_wconf 85' lang='lat' dir='ltr'><strong>tu</strong></span> <span class='ocrx_word' id='word_1_82' title='bbox 508 1347 603 1408; x_wconf 86' lang='lat' dir='ltr'><strong>verba</strong></span> <span class='ocrx_word' id='word_1_83' title='bbox 616 1347 749 1423; x_wconf 73' lang='lat' dir='ltr'><strong>maligna</strong></span> <span class='ocrx_word' id='word_1_84' title='bbox 762 1344 854 1409; x_wconf 79' lang='lat' dir='ltr'><strong>lacis.</strong></span> 
     </span>
    </p>

    <p class='ocr_par' dir='ltr' id='par_1_9' title="bbox 126 1432 922 1591">
     <span class='ocr_line' id='line_1_14' title="bbox 126 1432 922 1508; baseline 0.003 -17"><span class='ocrx_word' id='word_1_85' title='bbox 126 1432 189 1492; x_wconf 86' lang='lat' dir='ltr'><strong>Sed</strong></span> <span class='ocrx_word' id='word_1_86' title='bbox 204 1433 283 1493; x_wconf 78' lang='lat' dir='ltr'><strong>solet</strong></span> <span class='ocrx_word' id='word_1_87' title='bbox 296 1433 423 1491; x_wconf 86' lang='lat' dir='ltr'><strong>insanos</strong></span> <span class='ocrx_word' id='word_1_88' title='bbox 437 1432 573 1507; x_wconf 87' lang='lat' dir='ltr'><strong>populus</strong></span> <span class='ocrx_word' id='word_1_89' title='bbox 587 1444 789 1505; x_wconf 85' lang='lat' dir='ltr'><strong>compescere</strong></span> <span class='ocrx_word' id='word_1_90' title='bbox 802 1446 922 1508; x_wconf 82' lang='lat' dir='ltr'><strong>sanus,</strong></span> 
     </span>
     <span class='ocr_line' id='line_1_15' title="bbox 166 1514 843 1591; baseline 0.001 -17"><span class='ocrx_word' id='word_1_91' title='bbox 166 1514 203 1574; x_wconf 77' lang='lat' dir='ltr'><strong>lit</strong></span> <span class='ocrx_word' id='word_1_92' title='bbox 217 1521 359 1589; x_wconf 81' lang='lat' dir='ltr'><strong>repetunt</strong></span> <span class='ocrx_word' id='word_1_93' title='bbox 374 1522 488 1575; x_wconf 81' lang='lat' dir='ltr'><strong>molum</strong></span> <span class='ocrx_word' id='word_1_94' title='bbox 501 1530 578 1575; x_wconf 85' lang='lat' dir='ltr'><strong>saxa</strong></span> <span class='ocrx_word' id='word_1_95' title='bbox 592 1515 721 1575; x_wconf 83' lang='lat' dir='ltr'><strong>remissa</strong></span> <span class='ocrx_word' id='word_1_96' title='bbox 736 1522 843 1591; x_wconf 65' lang='lat' dir='ltr'><strong>caput„</strong></span> 
     </span>
    </p>

    <p class='ocr_par' dir='ltr' id='par_1_10' title="bbox 124 1598 1049 1757">
     <span class='ocr_line' id='line_1_16' title="bbox 124 1598 896 1681; baseline 0.005 -26"><span class='ocrx_word' id='word_1_97' title='bbox 124 1599 157 1656; x_wconf 95' lang='lat' dir='ltr'><strong>ln</strong></span> <span class='ocrx_word' id='word_1_98' title='bbox 173 1606 203 1657; x_wconf 83' lang='lat' dir='ltr'><strong>te</strong></span> <span class='ocrx_word' id='word_1_99' title='bbox 217 1613 298 1658; x_wconf 88' lang='lat' dir='ltr'><strong>nune</strong></span> <span class='ocrx_word' id='word_1_100' title='bbox 312 1598 432 1673; x_wconf 75' lang='lat' dir='ltr'><strong>stringit</strong></span> <span class='ocrx_word' id='word_1_101' title='bbox 446 1598 546 1660; x_wconf 87' lang='lat' dir='ltr'><strong>nullus</strong></span> <span class='ocrx_word' id='word_1_102' title='bbox 561 1614 622 1659; x_wconf 89' lang='lat' dir='ltr'><strong>non</strong></span> <span class='ocrx_word' id='word_1_103' title='bbox 638 1598 773 1658; x_wconf 83' lang='lat' dir='ltr'><strong>carmina</strong></span> <span class='ocrx_word' id='word_1_104' title='bbox 784 1606 896 1681; x_wconf 75' lang='lat' dir='ltr'><strong>vates,</strong></span> 
     </span>
     <span class='ocr_line' id='line_1_17' title="bbox 166 1680 1049 1757; baseline 0.005 -18"><span class='ocrx_word' id='word_1_105' title='bbox 166 1682 263 1756; x_wconf 90' lang='lat' dir='ltr'><strong>lnque</strong></span> <span class='ocrx_word' id='word_1_106' title='bbox 278 1690 359 1743; x_wconf 87' lang='lat' dir='ltr'><strong>luam</strong></span> <span class='ocrx_word' id='word_1_107' title='bbox 374 1680 489 1742; x_wconf 80' lang='lat' dir='ltr'><strong>rabiem</strong></span> <span class='ocrx_word' id='word_1_108' title='bbox 504 1681 626 1757; x_wconf 86' lang='lat' dir='ltr'><strong>publica</strong></span> <span class='ocrx_word' id='word_1_109' title='bbox 639 1680 730 1741; x_wconf 86' lang='lat' dir='ltr'><strong>Musa</strong></span> <span class='ocrx_word' id='word_1_110' title='bbox 743 1680 827 1743; x_wconf 81' lang='lat' dir='ltr'><strong>iuril.</strong></span> <span class='ocrx_word' id='word_1_111' title='bbox 1023 1692 1049 1745; x_wconf 87' lang='lat' dir='ltr'><strong>ll</strong></span> 
     </span>
    </p>

    <p class='ocr_par' dir='ltr' id='par_1_11' title="bbox 126 1764 968 1920">
     <span class='ocr_line' id='line_1_18' title="bbox 126 1764 968 1841; baseline 0.005 -18"><span class='ocrx_word' id='word_1_112' title='bbox 126 1767 201 1825; x_wconf 82' lang='lat' dir='ltr'><strong>llum</strong></span> <span class='ocrx_word' id='word_1_113' title='bbox 216 1780 273 1825; x_wconf 91' lang='lat' dir='ltr'><strong>sua</strong></span> <span class='ocrx_word' id='word_1_114' title='bbox 289 1766 468 1841; x_wconf 80' lang='lat' dir='ltr'><strong>conpositus</strong></span> <span class='ocrx_word' id='word_1_115' title='bbox 483 1764 618 1826; x_wconf 93' lang='lat' dir='ltr'><strong>nondum</strong></span> <span class='ocrx_word' id='word_1_116' title='bbox 632 1764 713 1825; x_wconf 88' lang='lat' dir='ltr'><strong>bone</strong></span> <span class='ocrx_word' id='word_1_117' title='bbox 726 1765 867 1829; x_wconf 72' lang='lat' dir='ltr'><strong>concutit</strong></span> <span class='ocrx_word' id='word_1_118' title='bbox 880 1782 968 1828; x_wconf 69' lang='lat' dir='ltr'><strong>mma</strong></span> 
     </span>
     <span class='ocr_line' id='line_1_19' title="bbox 166 1848 793 1920; baseline 0.002 -14"><span class='ocrx_word' id='word_1_119' title='bbox 166 1848 269 1920; x_wconf 82' lang='lat' dir='ltr'><strong>Miles,</strong></span> <span class='ocrx_word' id='word_1_120' title='bbox 290 1850 313 1908; x_wconf 85' lang='lat' dir='ltr'><strong>it</strong></span> <span class='ocrx_word' id='word_1_121' title='bbox 327 1865 345 1907; x_wconf 88' lang='lat' dir='ltr'><strong>e</strong></span> <span class='ocrx_word' id='word_1_122' title='bbox 359 1855 464 1909; x_wconf 85' lang='lat' dir='ltr'><strong>nostra</strong></span> <span class='ocrx_word' id='word_1_123' title='bbox 478 1850 585 1908; x_wconf 89' lang='lat' dir='ltr'><strong>lancea</strong></span> <span class='ocrx_word' id='word_1_124' title='bbox 598 1855 678 1909; x_wconf 85' lang='lat' dir='ltr'><strong>lorla</strong></span> <span class='ocrx_word' id='word_1_125' title='bbox 690 1863 793 1910; x_wconf 85' lang='lat' dir='ltr'><strong>manu.</strong></span> 
     </span>
    </p>

    <p class='ocr_par' dir='ltr' id='par_1_12' title="bbox 124 1930 943 2088">
     <span class='ocr_line' id='line_1_20' title="bbox 124 1930 943 2009; baseline 0.01 -21"><span class='ocrx_word' id='word_1_126' title='bbox 124 1931 227 1989; x_wconf 89' lang='lat' dir='ltr'><strong>Bellus</strong></span> <span class='ocrx_word' id='word_1_127' title='bbox 243 1930 349 2003; x_wconf 93' lang='lat' dir='ltr'><strong>homo,</strong></span> <span class='ocrx_word' id='word_1_128' title='bbox 373 1937 402 1990; x_wconf 89' lang='lat' dir='ltr'><strong>el</strong></span> <span class='ocrx_word' id='word_1_129' title='bbox 417 1931 516 1991; x_wconf 79' lang='lat' dir='ltr'><strong>valide</strong></span> <span class='ocrx_word' id='word_1_130' title='bbox 532 1930 672 2006; x_wconf 73' lang='lat' dir='ltr'><strong>capitalia</strong></span> <span class='ocrx_word' id='word_1_131' title='bbox 687 1932 826 1993; x_wconf 83' lang='lat' dir='ltr'><strong>carmina</strong></span> <span class='ocrx_word' id='word_1_132' title='bbox 841 1934 943 2009; x_wconf 88' lang='lat' dir='ltr'><strong>ludis,</strong></span> 
     </span>
     <span class='ocr_line' id='line_1_21' title="bbox 167 2013 801 2088; baseline 0.005 -17"><span class='ocrx_word' id='word_1_133' title='bbox 167 2013 274 2088; x_wconf 84' lang='lat' dir='ltr'><strong>Deque</strong></span> <span class='ocrx_word' id='word_1_134' title='bbox 290 2014 349 2074; x_wconf 84' lang='lat' dir='ltr'><strong>luis</strong></span> <span class='ocrx_word' id='word_1_135' title='bbox 364 2021 487 2074; x_wconf 85' lang='lat' dir='ltr'><strong>manant</strong></span> <span class='ocrx_word' id='word_1_136' title='bbox 500 2020 566 2074; x_wconf 87' lang='lat' dir='ltr'><strong>alra</strong></span> <span class='ocrx_word' id='word_1_137' title='bbox 579 2030 699 2075; x_wconf 86' lang='lat' dir='ltr'><strong>venena</strong></span> <span class='ocrx_word' id='word_1_138' title='bbox 712 2015 801 2077; x_wconf 86' lang='lat' dir='ltr'><strong>iocis.</strong></span> 
     </span>
    </p>

    <p class='ocr_par' dir='ltr' id='par_1_13' title="bbox 124 2096 1047 2257">
     <span class='ocr_line' id='line_1_22' title="bbox 124 2096 1047 2177; baseline 0.002 -21"><span class='ocrx_word' id='word_1_139' title='bbox 124 2097 187 2156; x_wconf 86' lang='lat' dir='ltr'><strong>Sed</strong></span> <span class='ocrx_word' id='word_1_140' title='bbox 195 2104 234 2157; x_wconf 78' lang='lat' dir='ltr'><strong>lu</strong></span> <span class='ocrx_word' id='word_1_141' title='bbox 249 2112 366 2173; x_wconf 88' lang='lat' dir='ltr'><strong>perque</strong></span> <span class='ocrx_word' id='word_1_142' title='bbox 380 2096 481 2158; x_wconf 88' lang='lat' dir='ltr'><strong>iocum</strong></span> <span class='ocrx_word' id='word_1_143' title='bbox 496 2098 573 2158; x_wconf 87' lang='lat' dir='ltr'><strong>dicis</strong></span> <span class='ocrx_word' id='word_1_144' title='bbox 585 2100 766 2173; x_wconf 76' lang='lat' dir='ltr'><strong>vinumquoa</strong></span> <span class='ocrx_word' id='word_1_145' title='bbox 788 2100 867 2177; x_wconf 91' lang='lat' dir='ltr'><strong>quld</strong></span> <span class='ocrx_word' id='word_1_146' title='bbox 877 2100 920 2161; x_wconf 86' lang='lat' dir='ltr'><strong>ad</strong></span> <span class='ocrx_word' id='word_1_147' title='bbox 931 2114 1008 2175; x_wconf 84' lang='lat' dir='ltr'><strong>reru,</strong></span> <span class='ocrx_word' id='word_1_148' title='bbox 1020 2104 1047 2159; x_wconf 81' lang='lat'><strong>15</strong></span> 
     </span>
     <span class='ocr_line' id='line_1_23' title="bbox 167 2180 759 2257; baseline 0 -16"><span class='ocrx_word' id='word_1_149' title='bbox 167 2180 200 2241; x_wconf 86' lang='lat' dir='ltr'><strong>Si</strong></span> <span class='ocrx_word' id='word_1_150' title='bbox 216 2183 348 2257; x_wconf 90' lang='lat' dir='ltr'><strong>plorem,</strong></span> <span class='ocrx_word' id='word_1_151' title='bbox 369 2181 451 2242; x_wconf 86' lang='lat' dir='ltr'><strong>risus</strong></span> <span class='ocrx_word' id='word_1_152' title='bbox 465 2181 493 2241; x_wconf 90' lang='lat' dir='ltr'><strong>si</strong></span> <span class='ocrx_word' id='word_1_153' title='bbox 509 2189 578 2243; x_wconf 89' lang='lat' dir='ltr'><strong>luus</strong></span> <span class='ocrx_word' id='word_1_154' title='bbox 593 2183 652 2242; x_wconf 88' lang='lat' dir='ltr'><strong>isla</strong></span> <span class='ocrx_word' id='word_1_155' title='bbox 666 2182 759 2242; x_wconf 77' lang='lat' dir='ltr'><strong>laeill</strong></span> 
     </span>
    </p>

    <p class='ocr_par' dir='ltr' id='par_1_14' title="bbox 125 2265 956 2492">
     <span class='ocr_line' id='line_1_24' title="bbox 125 2265 956 2343; baseline 0.001 -19"><span class='ocrx_word' id='word_1_156' title='bbox 125 2265 223 2337; x_wconf 81' lang='lat' dir='ltr'><strong>Quare</strong></span> <span class='ocrx_word' id='word_1_157' title='bbox 237 2268 310 2326; x_wconf 85' lang='lat' dir='ltr'><strong>tolle</strong></span> <span class='ocrx_word' id='word_1_158' title='bbox 323 2266 426 2326; x_wconf 80' lang='lat' dir='ltr'><strong>iocos=</strong></span> <span class='ocrx_word' id='word_1_159' title='bbox 448 2282 509 2326; x_wconf 92' lang='lat' dir='ltr'><strong>non</strong></span> <span class='ocrx_word' id='word_1_160' title='bbox 524 2272 572 2326; x_wconf 87' lang='lat' dir='ltr'><strong>esl</strong></span> <span class='ocrx_word' id='word_1_161' title='bbox 586 2266 674 2325; x_wconf 90' lang='lat' dir='ltr'><strong>iocus</strong></span> <span class='ocrx_word' id='word_1_162' title='bbox 688 2280 761 2326; x_wconf 84' lang='lat' dir='ltr'><strong>esse</strong></span> <span class='ocrx_word' id='word_1_163' title='bbox 774 2266 956 2343; x_wconf 71' lang='lat' dir='ltr'><strong>malignum.</strong></span> 
     </span>
     <span class='ocr_line' id='line_1_25' title="bbox 165 2349 862 2424; baseline 0.003 -17"><span class='ocrx_word' id='word_1_164' title='bbox 165 2349 337 2424; x_wconf 87' lang='lat' dir='ltr'><strong>Numquam</strong></span> <span class='ocrx_word' id='word_1_165' title='bbox 350 2356 422 2409; x_wconf 84' lang='lat' dir='ltr'><strong>sunt</strong></span> <span class='ocrx_word' id='word_1_166' title='bbox 436 2349 526 2424; x_wconf 74' lang='lat' dir='ltr'><strong>grati,</strong></span> <span class='ocrx_word' id='word_1_167' title='bbox 549 2349 602 2423; x_wconf 91' lang='lat' dir='ltr'><strong>qui</strong></span> <span class='ocrx_word' id='word_1_168' title='bbox 617 2364 752 2411; x_wconf 85' lang='lat' dir='ltr'><strong>nocuere</strong></span> <span class='ocrx_word' id='word_1_169' title='bbox 765 2350 862 2411; x_wconf 81' lang='lat' dir='ltr'><strong>salos.</strong></span> 
     </span>
     <span class='ocr_line' id='line_1_26' title="bbox 165 2440 947 2492; baseline 0.006 -5"><span class='ocrx_word' id='word_1_170' title='bbox 165 2448 207 2488; x_wconf 79' lang='lat' dir='ltr'><strong>v1‚</strong></span> <span class='ocrx_word' id='word_1_171' title='bbox 448 2448 495 2491; x_wconf 83' lang='lat' dir='ltr'><strong>nu</strong></span> <span class='ocrx_word' id='word_1_172' title='bbox 517 2446 674 2492; x_wconf 75' lang='lat' dir='ltr'><strong>nlncurr.</strong></span> <span class='ocrx_word' id='word_1_173' title='bbox 944 2440 947 2445; x_wconf 84' lang='grc'><strong>’</strong></span> 
     </span>
    </p>

    <p class='ocr_par' dir='ltr' id='par_1_15' title="bbox 124 2513 965 2673">
     <span class='ocr_line' id='line_1_27' title="bbox 124 2513 965 2592; baseline 0.008 -21"><span class='ocrx_word' id='word_1_174' title='bbox 124 2513 245 2587; x_wconf 85' lang='lat' dir='ltr'><strong>crispe,</strong></span> <span class='ocrx_word' id='word_1_175' title='bbox 267 2530 354 2575; x_wconf 85' lang='lat' dir='ltr'><strong>meae</strong></span> <span class='ocrx_word' id='word_1_176' title='bbox 367 2516 464 2587; x_wconf 89' lang='lat' dir='ltr'><strong>vires,</strong></span> <span class='ocrx_word' id='word_1_177' title='bbox 487 2516 700 2590; x_wconf 82' lang='lat' dir='ltr'><strong>lassarumque</strong></span> <span class='ocrx_word' id='word_1_178' title='bbox 714 2530 829 2577; x_wconf 85' lang='lat' dir='ltr'><strong>ancora</strong></span> <span class='ocrx_word' id='word_1_179' title='bbox 841 2532 965 2592; x_wconf 81' lang='lat' dir='ltr'><strong>rerum,</strong></span> 
     </span>
     <span class='ocr_line' id='line_1_28' title="bbox 165 2595 834 2673; baseline 0.004 -21"><span class='ocrx_word' id='word_1_180' title='bbox 165 2595 286 2670; x_wconf 85' lang='lat' dir='ltr'><strong>Crispe,</strong></span> <span class='ocrx_word' id='word_1_181' title='bbox 306 2599 357 2655; x_wconf 89' lang='lat' dir='ltr'><strong>vel</strong></span> <span class='ocrx_word' id='word_1_182' title='bbox 373 2597 499 2672; x_wconf 86' lang='lat' dir='ltr'><strong>antiquo</strong></span> <span class='ocrx_word' id='word_1_183' title='bbox 515 2598 735 2673; x_wconf 78' lang='lat' dir='ltr'><strong>conspiciende</strong></span> <span class='ocrx_word' id='word_1_184' title='bbox 749 2600 834 2660; x_wconf 69' lang='lat' dir='ltr'><strong>loroz</strong></span> 
     </span>
    </p>

    <p class='ocr_par' dir='ltr' id='par_1_16' title="bbox 124 2675 1030 2838">
     <span class='ocr_line' id='line_1_29' title="bbox 124 2675 1030 2756; baseline 0.011 -21"><span class='ocrx_word' id='word_1_185' title='bbox 124 2675 231 2751; x_wconf 87' lang='lat' dir='ltr'><strong>Crispe</strong></span> <span class='ocrx_word' id='word_1_186' title='bbox 246 2685 356 2751; x_wconf 86' lang='lat' dir='ltr'><strong>polens</strong></span> <span class='ocrx_word' id='word_1_187' title='bbox 372 2696 551 2753; x_wconf 88' lang='lat' dir='ltr'><strong>numquam,</strong></span> <span class='ocrx_word' id='word_1_188' title='bbox 569 2682 628 2740; x_wconf 90' lang='lat' dir='ltr'><strong>nlsl</strong></span> <span class='ocrx_word' id='word_1_189' title='bbox 642 2696 712 2741; x_wconf 89' lang='lat' dir='ltr'><strong>cum</strong></span> <span class='ocrx_word' id='word_1_190' title='bbox 725 2682 880 2756; x_wconf 81' lang='lat' dir='ltr'><strong>prodesse</strong></span> <span class='ocrx_word' id='word_1_191' title='bbox 890 2683 1030 2753; x_wconf 84' lang='lat' dir='ltr'><strong>volebas,</strong></span> 
     </span>
     <span class='ocr_line' id='line_1_30' title="bbox 163 2759 757 2838; baseline 0.008 -20"><span class='ocrx_word' id='word_1_192' title='bbox 163 2759 328 2835; x_wconf 79' lang='lat' dir='ltr'><strong>Naufragio</strong></span> <span class='ocrx_word' id='word_1_193' title='bbox 343 2761 424 2821; x_wconf 83' lang='lat' dir='ltr'><strong>littus</strong></span> <span class='ocrx_word' id='word_1_194' title='bbox 442 2768 567 2836; x_wconf 76' lang='lat' dir='ltr'><strong>tubaque</strong></span> <span class='ocrx_word' id='word_1_195' title='bbox 579 2769 660 2822; x_wconf 86' lang='lat' dir='ltr'><strong>terra</strong></span> <span class='ocrx_word' id='word_1_196' title='bbox 672 2779 757 2838; x_wconf 86' lang='lat' dir='ltr'><strong>meo,</strong></span> 
     </span>
    </p>

    <p class='ocr_par' dir='ltr' id='par_1_17' title="bbox 124 2844 1051 3006">
     <span class='ocr_line' id='line_1_31' title="bbox 124 2844 1051 2911; baseline 0.006 -6"><span class='ocrx_word' id='word_1_197' title='bbox 124 2845 216 2905; x_wconf 90' lang='lat' dir='ltr'><strong>Solus</strong></span> <span class='ocrx_word' id='word_1_198' title='bbox 230 2844 329 2906; x_wconf 91' lang='lat' dir='ltr'><strong>honor</strong></span> <span class='ocrx_word' id='word_1_199' title='bbox 343 2845 432 2906; x_wconf 88' lang='lat' dir='ltr'><strong>nobis</strong></span> <span class='ocrx_word' id='word_1_200' title='bbox 447 2862 502 2905; x_wconf 90' lang='lat' dir='ltr'><strong>arx</strong></span> <span class='ocrx_word' id='word_1_201' title='bbox 517 2853 548 2906; x_wconf 85' lang='lat' dir='ltr'><strong>el</strong></span> <span class='ocrx_word' id='word_1_202' title='bbox 561 2847 713 2908; x_wconf 79' lang='lat' dir='ltr'><strong>tutissima</strong></span> <span class='ocrx_word' id='word_1_203' title='bbox 727 2849 816 2909; x_wconf 84' lang='lat' dir='ltr'><strong>nobis</strong></span> <span class='ocrx_word' id='word_1_204' title='bbox 1036 2858 1051 2911; x_wconf 79' lang='lat' dir='ltr'><strong>a</strong></span> 
     </span>
     <span class='ocr_line' id='line_1_32' title="bbox 164 2928 742 3006; baseline 0.003 -18"><span class='ocrx_word' id='word_1_205' title='bbox 164 2929 201 2990; x_wconf 81' lang='lat' dir='ltr'><strong>Et</strong></span> <span class='ocrx_word' id='word_1_206' title='bbox 216 2946 296 2990; x_wconf 85' lang='lat' dir='ltr'><strong>nunc</strong></span> <span class='ocrx_word' id='word_1_207' title='bbox 310 2928 424 2991; x_wconf 82' lang='lat' dir='ltr'><strong>afflicto</strong></span> <span class='ocrx_word' id='word_1_208' title='bbox 439 2932 506 2991; x_wconf 90' lang='lat' dir='ltr'><strong>sola</strong></span> <span class='ocrx_word' id='word_1_209' title='bbox 521 2933 609 3006; x_wconf 86' lang='lat' dir='ltr'><strong>quies</strong></span> <span class='ocrx_word' id='word_1_210' title='bbox 626 2931 742 2992; x_wconf 88' lang='lat' dir='ltr'><strong>animo·</strong></span> 
     </span>
    </p>

    <p class='ocr_par' dir='ltr' id='par_1_18' title="bbox 123 3014 962 3172">
     <span class='ocr_line' id='line_1_33' title="bbox 123 3014 962 3092; baseline 0.01 -21"><span class='ocrx_word' id='word_1_211' title='bbox 123 3014 243 3087; x_wconf 87' lang='lat' dir='ltr'><strong>Crispe,</strong></span> <span class='ocrx_word' id='word_1_212' title='bbox 265 3015 345 3074; x_wconf 85' lang='lat' dir='ltr'><strong>hdes</strong></span> <span class='ocrx_word' id='word_1_213' title='bbox 361 3015 474 3089; x_wconf 85' lang='lat' dir='ltr'><strong>dulcis,</strong></span> <span class='ocrx_word' id='word_1_214' title='bbox 496 3015 671 3089; x_wconf 85' lang='lat' dir='ltr'><strong>placidique</strong></span> <span class='ocrx_word' id='word_1_215' title='bbox 685 3014 834 3075; x_wconf 84' lang='lat' dir='ltr'><strong>acerrima</strong></span> <span class='ocrx_word' id='word_1_216' title='bbox 846 3014 962 3092; x_wconf 82' lang='lat' dir='ltr'><strong>virtus,</strong></span> 
     </span>
     <span class='ocr_line' id='line_1_34' title="bbox 165 3096 818 3172; baseline 0 -19"><span class='ocrx_word' id='word_1_217' title='bbox 165 3096 257 3156; x_wconf 85' lang='lat' dir='ltr'><strong>Cuius</strong></span> <span class='ocrx_word' id='word_1_218' title='bbox 274 3096 421 3171; x_wconf 82' lang='lat' dir='ltr'><strong>cecropio</strong></span> <span class='ocrx_word' id='word_1_219' title='bbox 437 3107 563 3172; x_wconf 80' lang='lat' dir='ltr'><strong>pectora</strong></span> <span class='ocrx_word' id='word_1_220' title='bbox 576 3099 666 3158; x_wconf 89' lang='lat' dir='ltr'><strong>melle</strong></span> <span class='ocrx_word' id='word_1_221' title='bbox 681 3100 818 3159; x_wconf 84' lang='lat' dir='ltr'><strong>madenl=</strong></span> 
     </span>
    </p>

    <p class='ocr_par' dir='ltr' id='par_1_19' title="bbox 122 3177 1054 3338">
     <span class='ocr_line' id='line_1_35' title="bbox 122 3177 820 3258; baseline 0.01 -24"><span class='ocrx_word' id='word_1_222' title='bbox 122 3177 254 3236; x_wconf 85' lang='lat' dir='ltr'><strong>Maxima</strong></span> <span class='ocrx_word' id='word_1_223' title='bbox 267 3179 399 3240; x_wconf 79' lang='lat' dir='ltr'><strong>facundo</strong></span> <span class='ocrx_word' id='word_1_224' title='bbox 414 3182 465 3240; x_wconf 90' lang='lat' dir='ltr'><strong>vel</strong></span> <span class='ocrx_word' id='word_1_225' title='bbox 478 3197 536 3242; x_wconf 85' lang='lat' dir='ltr'><strong>avo</strong></span> <span class='ocrx_word' id='word_1_226' title='bbox 551 3183 600 3241; x_wconf 86' lang='lat' dir='ltr'><strong>vel</strong></span> <span class='ocrx_word' id='word_1_227' title='bbox 614 3182 711 3256; x_wconf 73' lang='lat' dir='ltr'><strong>gloria</strong></span> <span class='ocrx_word' id='word_1_228' title='bbox 727 3181 820 3258; x_wconf 85' lang='lat' dir='ltr'><strong>patri,</strong></span> 
     </span>
     <span class='ocr_line' id='line_1_36' title="bbox 164 3259 1054 3338; baseline 0.007 -18"><span class='ocrx_word' id='word_1_229' title='bbox 164 3259 229 3334; x_wconf 83' lang='lat' dir='ltr'><strong>Quo</strong></span> <span class='ocrx_word' id='word_1_230' title='bbox 245 3261 312 3320; x_wconf 86' lang='lat' dir='ltr'><strong>solo</strong></span> <span class='ocrx_word' id='word_1_231' title='bbox 329 3269 430 3322; x_wconf 86' lang='lat' dir='ltr'><strong>careat</strong></span> <span class='ocrx_word' id='word_1_232' title='bbox 445 3263 571 3338; x_wconf 90' lang='lat' dir='ltr'><strong>siquis,</strong></span> <span class='ocrx_word' id='word_1_233' title='bbox 593 3265 624 3323; x_wconf 91' lang='lat' dir='ltr'><strong>in</strong></span> <span class='ocrx_word' id='word_1_234' title='bbox 639 3265 748 3327; x_wconf 87' lang='lat' dir='ltr'><strong>exsilio</strong></span> <span class='ocrx_word' id='word_1_235' title='bbox 763 3270 828 3325; x_wconf 77' lang='lat' dir='ltr'><strong>esu·</strong></span> <span class='ocrx_word' id='word_1_236' title='bbox 1022 3275 1054 3326; x_wconf 85' lang='lat' dir='ltr'><strong>lb</strong></span> 
     </span>
    </p>

    <p class='ocr_par' dir='ltr' id='par_1_20' title="bbox 123 3342 960 3505">
     <span class='ocr_line' id='line_1_37' title="bbox 123 3342 864 3421; baseline 0.007 -18"><span class='ocrx_word' id='word_1_237' title='bbox 123 3347 167 3403; x_wconf 77' lang='lat' dir='ltr'><strong>An</strong></span> <span class='ocrx_word' id='word_1_238' title='bbox 186 3351 252 3419; x_wconf 84' lang='lat' dir='ltr'><strong>lua,</strong></span> <span class='ocrx_word' id='word_1_239' title='bbox 276 3344 328 3420; x_wconf 91' lang='lat' dir='ltr'><strong>qui</strong></span> <span class='ocrx_word' id='word_1_240' title='bbox 342 3342 429 3406; x_wconf 86' lang='lat' dir='ltr'><strong>iaceo</strong></span> <span class='ocrx_word' id='word_1_241' title='bbox 445 3346 530 3407; x_wconf 86' lang='lat' dir='ltr'><strong>saxis</strong></span> <span class='ocrx_word' id='word_1_242' title='bbox 545 3346 661 3407; x_wconf 82' lang='lat' dir='ltr'><strong>telluris</strong></span> <span class='ocrx_word' id='word_1_243' title='bbox 677 3349 864 3421; x_wconf 88' lang='lat' dir='ltr'><strong>adhaerens,</strong></span> 
     </span>
     <span class='ocr_line' id='line_1_38' title="bbox 163 3428 960 3505; baseline 0.008 -20"><span class='ocrx_word' id='word_1_244' title='bbox 163 3428 249 3488; x_wconf 88' lang='lat' dir='ltr'><strong>Mens</strong></span> <span class='ocrx_word' id='word_1_245' title='bbox 266 3444 383 3489; x_wconf 87' lang='lat' dir='ltr'><strong>mecum</strong></span> <span class='ocrx_word' id='word_1_246' title='bbox 398 3437 460 3505; x_wconf 86' lang='lat' dir='ltr'><strong>est,</strong></span> <span class='ocrx_word' id='word_1_247' title='bbox 479 3430 562 3489; x_wconf 91' lang='lat' dir='ltr'><strong>nulla</strong></span> <span class='ocrx_word' id='word_1_248' title='bbox 577 3446 657 3505; x_wconf 90' lang='lat' dir='ltr'><strong>quae</strong></span> <span class='ocrx_word' id='word_1_249' title='bbox 672 3432 830 3492; x_wconf 87' lang='lat' dir='ltr'><strong>cohibetur</strong></span> <span class='ocrx_word' id='word_1_250' title='bbox 842 3431 960 3493; x_wconf 72' lang='lat' dir='ltr'><strong>humor</strong></span> 
     </span>
    </p>
   </div>
   <div class='ocr_carea' id='block_1_5' title="bbox 0 0 1194 3856">
    <p class='ocr_par' dir='ltr' id='par_1_21' title="bbox 0 0 1194 3856">
     <span class='ocr_line' id='line_1_39' title="bbox 0 0 1194 3856; baseline 0 0"><span class='ocrx_word' id='word_1_251' title='bbox 0 0 1194 3856; x_wconf 95' lang='lat' dir='ltr'><strong> </strong></span> 
     </span>
    </p>
   </div>
  </div>
 </body>
</html>
