2378 3856
158 204 211 262 ΑΙ)
234 200 417 263 Maeciam
437 201 488 260 DE
511 195 822 261 (ἕΟΝὸΟΙΑΤΙΟΝΕ.Ι
840 210 924 262 l-i.
971 200 1030 265 113

56 352 211 414 desiderio
227 352 349 412 fluentis
365 350 542 423 continebo,
565 350 591 408 si
605 349 671 408 tieri
694 349 839 423 potuerit,
861 351 982 411 iavente
1001 359 1031 412 te

56 434 200 495 remediis
215 435 291 508 tuis,
306 434 333 494 si
348 434 463 506 minus,
478 435 527 492 vei
542 431 649 514 invita,
669 439 774 492 teneas
788 433 859 492 licet
873 440 903 492 et
918 435 1031 508 ampie-

56 514 1030 591 mmmmmwmmmffimffimmmwmm

57 601 167 661 fecisti.
207 601 280 674 Quis
305 601 384 659 enim
409 599 466 659 erit
492 599 585 658 iinist
625 598 725 657 omnia
749 599 779 656 in
805 607 1061 673 supervacuumo

56 690 204 759 temptata
220 689 305 743 sunt:
325 683 467 756 fatigatae
488 681 701 741 adlocutiones
721 681 896 742 amicorum.
928 691 1031 743 aucto-

56 768 162 827 ritates
177 781 355 839 magnorum
370 771 400 825 et
413 764 558 825 adfinium
574 764 626 823 tibi
639 762 789 836 virorum,
810 765 924 837 studia,
945 766 1031 825 irere-

56 849 198 909 ditarium
213 857 243 909 et
257 856 416 923 paternum
429 848 557 922 bonurn,
580 847 691 908 surdas
713 861 804 908 aures
826 848 915 908 inrito
937 847 1032 909 etvix

57 933 98 992 ad
124 932 247 992 brevem
274 931 504 1006 occupationem
531 930 709 1006 proficiente
736 932 844 991 solatio
864 939 1033 993 transeunt.

57 1015 133 1075 iiiud
153 1016 251 1091 ipsum
268 1014 586 1092 naturaleremedium
600 1012 762 1089 temporis,
787 1015 870 1089 quod
885 1014 1033 1075 maximas

59 1097 1033 1174 ‹mwwmmmwmmmoemwmwmmffiffl

57 1182 175 1242 Tertius
192 1183 250 1240 iarn
266 1181 421 1256 praeteriit
434 1197 548 1250 annus,
570 1194 639 1239 cum
653 1179 772 1238 interim
794 1180 866 1238 nihii
881 1197 920 1239 ex
935 1182 1061 1256 primoi

59 1266 111 1324 iilo
126 1265 230 1340 inpetu
245 1265 363 1324 cecidit.
385 1271 514 1323 renovat
530 1277 564 1321 se
576 1270 606 1320 et
617 1261 801 1321 conroborat
812 1261 923 1321 cotidie
936 1263 1033 1323 luctus

58 1353 90 1407 et
110 1347 169 1407 iam
190 1347 251 1408 sibi·
269 1349 316 1407 ius
337 1362 424 1406 mora
444 1346 515 1405 iecit
536 1359 636 1418 eoque
650 1344 802 1404 adductus
816 1352 878 1416 est,
898 1351 932 1404 ut
950 1353 1036 1420 putet

58 1439 148 1505 turpe
170 1429 332 1489 desinere'
349 1428 611 1502 Quemadmodum
626 1427 728 1487 omnia
741 1427 813 1486 vitia
828 1427 948 1502 penitus
962 1428 1034 1488 insi·

59 1514 149 1585 dunt,
171 1513 229 1572 nisi
246 1513 318 1571 dum
334 1518 478 1588 surgunt2
497 1525 647 1586 oppressa
662 1517 747 1585 sunt,
763 1511 805 1571 ita
820 1511 896 1571 haec
911 1527 1036 1588 quoque

58 1596 155 1656 tristia
177 1601 207 1654 et
225 1593 337 1654 misera
357 1602 387 1655 et
404 1594 434 1653 in
455 1610 491 1654 se
505 1593 671 1654 saevientia
685 1595 754 1668 ipsa
767 1595 935 1655 novissime
950 1610 1034 1655 acer-

59 1679 152 1738 bitate
166 1685 333 1752 pascuntur
344 1685 374 1738 et
387 1678 420 1737 iit
430 1677 559 1739 infelicis
572 1677 662 1737 animi
676 1694 772 1752 prava
781 1680 924 1753 voluptas
938 1679 1034 1739 dolor.

60 1763 220 1837 Cupissem
240 1763 343 1837 itaque
362 1762 467 1837 primis
482 1762 671 1836 temporibus
692 1762 731 1820 ad
747 1763 835 1821 istam
851 1761 1064 1821 curationen18

61 1845 219 1905 accedere.
247 1846 362 1906 leviore
382 1845 534 1904 medicina
555 1845 665 1904 suisset
678 1845 780 1905 oriens
796 1845 897 1905 adhuc
911 1844 1034 1904 restrin-

60 1928 161 2002 genda
185 1928 247 1986 vis:
276 1929 486 1989 vehementius
513 1935 619 1988 contra
645 1928 812 1987 inveterata
837 1929 1036 2003 pugnandum

61 2018 118 2071 est.
150 2026 220 2069 nam
246 2012 405 2071 volnerum
432 2027 557 2086 quoque
580 2009 695 2072 sanitas
717 2011 814 2070 iaciiis
837 2016 899 2084 est,
925 2011 996 2071 dum
1018 2027 1037 2069 a

62 2092 211 2166 sanguine
225 2095 359 2153 recentia
374 2101 453 2153 sant.
474 2103 545 2155 tunc
561 2101 591 2153 et
605 2101 733 2155 uruntur
747 2100 777 2152 et
792 2095 822 2152 in
838 2096 930 2154 attam
947 2109 1037 2152 revo-

62 2182 169 2237 cantur
189 2181 220 2233 et
238 2175 349 2249 digitos
367 2176 562 2237 scrutantium
583 2177 751 2250 recipiunt=
770 2175 822 2234 ubi
843 2182 985 2255 corrupta
1005 2175 1036 2233 in

61 2260 174 2320 malum
189 2260 277 2317 uicus
291 2267 461 2333 verterunt,
483 2259 636 2318 diiiiciiius
653 2265 804 2318 curantur.
825 2259 892 2317 Non
908 2273 1037 2332 possum

62 2341 1037 2416 nmwmmmmmwmmmwm

63 2427 217 2486 dolorem:
240 2425 427 2498 frangendus
444 2432 500 2484 est.

124 2509 160 2565 n.
198 2507 286 2567 Scio
311 2509 571 2582 apraeceptis
598 2506 777 2582 incipere
802 2522 947 2582 omnes,
973 2509 1067 2583 quil

62 2606 217 2650 monere
239 2591 406 2666 aliquem
427 2592 581 2665 volunt,
604 2598 640 2650 et
660 2591 696 2649 in
718 2592 908 2665 exemplis
933 2593 1036 2652 desi-

62 2690 162 2738 nere.
201 2675 340 2753 mutari
374 2675 473 2734 hunc
509 2675 660 2734 interim
693 2689 834 2733 morem
868 2676 1037 2750 expedit.

63 2757 150 2814 aliter
169 2755 250 2816 enim
266 2773 333 2816 cum
349 2758 408 2817 atio
424 2759 576 2833 agendum
598 2766 660 2818 est:
684 2758 833 2833 quosdam
850 2759 927 2818 ratio
947 2759 1037 2831 ducit,

64 2839 246 2914 quibusdam
267 2841 388 2899 nomina
410 2841 491 2899 clara
512 2841 698 2914 opponenda
718 2847 789 2900 sunt
814 2848 844 2898 et
864 2842 1038 2912 auctoritas,

64 2936 145 2996 quae
160 2921 287 2979 liberum
302 2938 363 2981 non
378 2923 530 2995 relinquat
543 2923 675 2981 animum
687 2923 726 2981 ad
738 2921 883 2995 speciosa
894 2923 1037 2995 stupenti.

63 3007 144 3066 Duo
165 3002 236 3062 tibi
260 3019 396 3077 ponam
420 3011 508 3062 ante
530 3005 665 3063 oculos
687 3002 899 3063 maximaet
919 3019 1067 3070 sexuso

65 3094 102 3146 et
127 3087 255 3145 seculi
278 3084 334 3145 tui
361 3086 555 3161 exempla:
581 3086 704 3145 atterius
729 3085 873 3159 feminae,
899 3103 978 3162 quae
1005 3104 1039 3147 se

64 3170 189 3229 tradidit
202 3169 358 3229 serendam
373 3170 480 3244 dolori,
495 3167 629 3241 alterius,
647 3185 725 3243 quae
741 3169 806 3242 pari
821 3169 941 3230 adiecta
954 3187 1038 3243 casu,

65 3253 180 3312 maiore
196 3254 322 3324 damno,
345 3260 520 3313 nontamen
538 3251 621 3312 dedit
635 3253 757 3326 longam
774 3251 803 3311 in
822 3269 856 3311 se
871 3254 957 3312 niaiis
974 3253 1039 3312 suis

66 3335 250 3410 dominium,
278 3337 334 3396 sed
361 3337 419 3397 cito
445 3337 577 3396 animum
601 3336 631 3394 in
657 3337 762 3395 sedem
783 3351 869 3395 suam
889 3335 1038 3408 reposuit.

68 3417 229 3478 Octavia
248 3427 285 3480 et
304 3420 426 3558 iiivia,
449 3421 542 3480 altera
563 3433 652 3480 soror
666 3422 736 3493 Aug
796 3462 814 3491 .‚
837 3419 931 3475 altera
950 3425 1069 3486 uxone

111 3515 211 3557 seducit
225 3522 295 3560 rint..
328 3549 334 3562 .
888 3516 889 3521 ’
