2378 3856
115 204 179 271 ist
390 204 424 263 L.
447 202 592 263 ΑΝΝΑΕΙ
612 200 788 262 SENECAE

43 358 49 375 “
88 364 224 421 lcorurn
240 356 341 418 odium
354 356 503 429 reprimit,
520 355 654 414 omnium
671 354 780 414 inritet
807 354 963 435 Voluntas
974 363 1099 433 oportet

116 448 186 501 ante
208 437 365 500 saeviendi
386 454 477 513 quarn
497 453 593 498 causa
612 436 744 497 deliciat
780 437 920 513 alioquin
948 440 1096 515 quemad

116 524 240 585 modum
260 521 421 597 praecisae
442 520 569 581 arbores
585 519 723 596 plurimis
740 520 835 581 ramis
853 521 1048 597 repullulant
1066 530 1096 583 el

116 610 210 669 multa
223 611 360 666 satortun
374 619 503 679 genera,
524 612 558 665 ut
578 603 722 664 densiora
738 609 881 678 stugunt,
902 605 1093 678 reciduntur,

116 694 158 751 ita
171 691 255 765 regia
269 688 432 759 crudelitas
453 695 545 763 auget
564 685 753 747 inimicorum
771 702 933 749 numerum
945 688 1092 751 tollendo

116 781 259 851 parentes
280 775 359 833 enirn
385 770 533 847 liberique
557 786 679 843 eorum,
702 771 755 845 qui
773 769 928 833 interlecti
952 778 1042 849 sunt,
1065 778 1093 833 et

118 858 283 934 propinqui
298 864 328 915 et
341 854 429 914 amici
444 854 474 914 in
489 855 589 914 locum
604 854 793 928 singulorum
809 854 994 917 succedunt

90 954 102 1003 1
176 942 226 999 lx.
249 940 316 998 lloc
333 953 424 1012 quam
439 951 545 997 verum
559 937 611 1008 sit,
634 937 801 1005 admonere
819 946 850 999 tc
869 941 1020 1015 exemplo
1040 940 1091 1003 do·

117 1024 242 1082 urcstico
258 1022 341 1080 volo.
364 1019 459 1080 Divus
472 1022 633 1094 Augustus
647 1021 703 1080 luit
715 1020 795 1081 mitis
807 1019 967 1098 princeps,
983 1024 1014 1085 si
1025 1023 1090 1099 quis

116 1109 198 1166 illurn
221 1123 239 1164 a
259 1104 432 1179 principatu
454 1119 511 1164 suo
532 1104 695 1164 aestimare
705 1104 856 1179 ‘incipian
877 1104 911 1166 iu
936 1104 1090 1169 communi

117 1189 240 1265 quidem
257 1188 445 1263 reipublicae
459 1187 592 1263 gladium
604 1188 706 1248 movit.
730 1188 803 1248 cum
813 1187 875 1249 hoc
885 1192 999 1251 astaus
1010 1196 1089 1251 esset

117 1273 202 1348 quod
216 1280 249 1331 tu
263 1287 343 1332 nune
357 1288 407 1343 es,
424 1272 707 1332 duodevicesimam
722 1286 868 1347 egeressus
883 1286 1019 1349 annum,
1032 1274 1088 1333 ianr

117 1356 270 1432 pugiones
292 1357 322 1414 in
343 1357 443 1415 sinum
462 1356 628 1415 amicorum
651 1354 871 1429 absconderat,
893 1354 956 1417 iarn
970 1356 1087 1419 insidiis

116 1440 156 1499 Μ.
164 1439 287 1500 Antonii
302 1439 438 1498 consulis
452 1441 532 1498 latus
546 1438 688 1512 petierat,
704 1439 764 1498 iam
777 1438 877 1499 luerat
886 1441 1012 1517 collega
1021 1456 1087 1517 pro·

88 1521 301 1597 ssoriptionis.
336 1521 399 1581 Sed
417 1536 485 1581 cum
506 1537 619 1581 annum
640 1521 910 1596 quadragesimum
929 1526 1088 1587 transisset

117 1616 147 1667 et
167 1607 197 1665 in
212 1605 309 1665 Gallia
328 1613 511 1676 moraretur,
533 1605 664 1665 delatum
686 1612 733 1664 cst
752 1605 793 1665 ad
811 1620 882 1668 eum
895 1605 1043 1671 iudicium
1054 1607 1087 1669 L.

117 1691 257 1761 Cinnam,
278 1688 363 1749 solidi
383 1689 494 1762 ingenii
508 1689 622 1762 virum,
643 1689 812 1749 insidiasci
825 1696 955 1751 struere.
978 1692 1087 1753 dictum

118 1784 165 1833 est
186 1780 216 1832 et
236 1771 287 1831 ubi
308 1779 338 1830 et
359 1773 483 1846 quando
505 1780 535 1832 et
555 1773 811 1847 quemadmodum
837 1773 969 1848 adgredi
989 1775 1084 1837 vellet

88 1864 196 1916 sunus
218 1870 257 1913 ex
278 1854 411 1914 consciis
434 1856 598 1915 deserebat·
635 1856 795 1917 Constituit
814 1872 850 1917 se
871 1856 911 1916 ab
937 1873 979 1921 eo
992 1858 1085 1919 vndi-

115 1954 197 1998 ¹aare.
234 1937 395 1997 consilium
416 1940 581 1999 amicorum
600 1940 746 2000 advocari
765 1939 863 2001 iussit.
898 1956 965 2003 nox
980 1941 1025 2003 illi
1043 1942 1086 2003 itt-

87 2088 91 2095 ,
118 2023 316 2097 quiesceret,
341 2037 409 2081 oum
434 2019 581 2096 cogitaret
604 2023 832 2086 adulescentem
856 2024 1008 2101 nobilem,
1029 2024 1089 2087 hoc

61 2100 75 2131 ¹·
118 2107 254 2166 detracto
271 2107 435 2179 integrum,
459 2105 512 2165 Cu.
528 2105 665 2181 Pompeii
685 2114 843 2181 nepotem,
864 2108 1087 2171 damnandum:

117 2189 177 2248 ium
192 2205 284 2248 unum
297 2189 449 2249 hominem
470 2190 613 2250 occidere
633 2206 696 2250 uon
717 2197 850 2265 poterat,
878 2198 949 2253 cum
968 2192 1011 2253 Μ.
1023 2194 1088 2253 Aur

86 2274 200 2337 stonio
215 2272 449 2347 proscriptionis
471 2273 604 2333 edictum
624 2274 700 2334 inter
715 2288 843 2335 coenam
862 2274 1003 2337 dictaret
1032 2276 1089 2337 Ge·

117 2371 203 2415 mens
219 2355 349 2415 subinde
362 2370 458 2416 voces
474 2356 627 2416 emittebat
649 2358 748 2417 varias
768 2366 798 2417 et
817 2358 895 2418 inter
913 2374 950 2419 se
968 2368 1089 2422 contra

116 2441 189 2500 rias.
226 2439 305 2510 Ouid
316 2436 411 2514 erpo?
433 2456 487 2514 epo
495 2456 702 2515 percussorem
718 2457 813 2502 meum
825 2458 965 2503 securam
981 2444 1089 2505 omln-

116 2525 182 2582 tere
191 2525 297 2596 potior
309 2539 355 2582 me
367 2519 511 2583 saltante?
530 2524 613 2599 Ergo
623 2541 682 2584 non
698 2521 910 2602 conspectius,
922 2528 979 2601 qui
988 2534 1031 2589 lot
1042 2530 1089 2589 cl-

116 2606 220 2665 vilibus
234 2606 316 2663 bellis
327 2605 448 2676 frustra
457 2609 582 2680 petitam
602 2614 706 2682 capot,
729 2614 770 2669 tot
788 2610 959 2683 caminus,
980 2616 1089 2687 rotpe-

117 2686 261 2747 cesaries
268 2690 394 2762 proeliis
407 2691 565 2762 incolume,
588 2696 747 2765 postquam
767 2699 851 2753 terra
869 2694 1011 2769 maduere
1018 2710 1090 2772 pue

112 2776 227 2848 parato
249 2777 306 2844 est,
330 2786 389 2831 aon
404 2772 539 2832 occidm
556 2777 727 2846 constituet,
752 2777 806 2836 sed
823 2774 993 2839 inanime?
1020 2792 1090 2839 natu

88 2855 339 2914 osaerillcantem
355 2854 511 2929 placuerat
525 2858 648 2917 adoriri.
680 2858 800 2920 Rursus
816 2859 937 2920 silentio
952 2860 1088 2937 interpo-

117 2939 175 2998 sito
201 2939 315 2999 maiore
341 2940 434 2999 multo
460 2957 538 3000 voce
564 2941 622 3000 sibi
644 2957 735 3016 quam
750 2943 863 3003 Cinnae
881 2943 1088 3007 irascebatur:

117 3022 196 3090 Qtad
213 3026 298 3095 vivis,
319 3025 347 3082 st·
358 3027 464 3098 perire
484 3031 512 3084 te
524 3031 584 3083 tem
598 3028 755 3086 mutorum
774 3022 917 3088 interest?
936 3030 1005 3103 ptus
1019 3030 1090 3103 plats

115 3106 173 3164 erlt
184 3103 418 3179 suppliciorum?
436 3109 501 3181 ques
514 3105 690 3182 sangoinis?
703 3125 757 3184 epo
770 3126 835 3170 sum
848 3110 995 3173 nobilem
1006 3110 1090 3173 αάιι-

115 3191 279 3248 lcscentelis
292 3192 455 3262 expositam
466 3198 571 3266 caput,
587 3194 618 3251 ia
631 3193 711 3266 quod
718 3209 873 3254 maeones
883 3202 1006 3256 acuml.
1030 3210 1091 3256 noa

115 3277 158 3330 est
172 3274 248 3331 tanti
257 3274 329 3344 olto,
343 3274 381 3345 sl,
397 3279 431 3332 ut
449 3289 503 3348 epo
522 3291 580 3334 non
595 3291 734 3349 pereum,
749 3286 809 3337 tam
824 3280 918 3338 multa
926 3278 1091 3355 pesenae

83 3357 189 3414 dsunt
219 3353 425 3429 Interpellavit
438 3357 559 3416 tandem
579 3356 662 3417 illum
676 3358 762 3418 Livia
779 3367 918 3421 uxores:
946 3362 1090 3434 ammas,

115 3437 225 3511 inquil,
243 3441 385 3500 muliebre
404 3437 578 3502 currilium?
605 3442 669 3502 Fae
684 3442 764 3516 quod
777 3442 887 3505 medtbt'
903 3447 1014 3519 solent,
1039 3447 1092 3521 qul
