2378 3856
155 206 195 269 10
209 208 342 269 Diali.
354 209 487 284 QUARE
495 210 643 283 Auleon
656 208 888 273 lucultlloun
898 210 1015 273 Bouls
1024 213 1138 275 VIRIS

151 362 246 422 tiliam
260 358 309 421 sui
324 360 544 433 experimento.
568 359 641 433 quid
656 360 789 434 quisque
803 366 912 434 posset
923 361 981 421 nisi
992 369 1135 437 temptari

153 446 193 505 do
216 461 277 504 non
299 443 413 503 didicit.
447 442 551 518 itaque
566 442 691 517 quidam
714 442 775 517 ipsi
796 443 874 505 ultro
896 459 931 505 se
946 446 1148 509 cessantibus

152 528 241 588 malis
257 527 431 587 obtulerunt
446 534 477 586 et
489 527 588 586 virtuti
605 527 701 587 iturae
716 528 746 587 in
761 527 929 589 obscurum
944 529 1147 591 occasionem

124 627 208 687 aper
225 626 316 685 quam
334 612 516 671 enitesceret
531 609 740 684 quaesierunt.
763 611 913 685 Gaudent,
929 612 1066 687 iuquam,
1081 629 1146 675 ma·

152 696 203 770 gni
221 696 275 754 viri
291 695 457 769 aliquando
472 694 566 754 rebus
581 693 737 768 adversis,
758 711 820 755 non
836 696 923 755 aliter
938 711 1032 771 quam
1047 697 1147 759 lortes

152 778 263 839 milites
286 778 393 848 bellis;
413 776 609 852 Triumphum
629 793 688 852 ego
710 779 931 839 murmillonem
948 778 1006 840 sub
1019 778 1146 842 'liberio

153 863 285 923 Caesare
310 863 349 922 de
376 862 499 920 raritate
525 876 683 921 munerum
705 862 807 922 audivi
833 869 1027 937 querentem:
1054 880 1147 940 qam

151 948 242 1019 bello,
261 946 366 1019 inquit
381 952 464 1005 oetas
479 942 580 1019 perit!
601 945 702 1004 Avida
715 952 763 1007 est
778 946 905 1021 perieuli
921 947 1018 1007 virtus
1033 956 1067 1009 et
1081 964 1145 1025 quo

151 1030 263 1101 tendat,
280 1045 341 1088 non
358 1028 431 1103 quid
447 1044 579 1101 passura
594 1029 633 1088 sit
647 1029 775 1103 cogitat:
792 1031 936 1105 quoniam
950 1032 1041 1090 eliam
1059 1033 1146 1109 quod

152 1128 285 1188 passura
311 1120 373 1185 est,
403 1112 520 1187 gloriae
542 1128 615 1186 pars
637 1120 694 1172 est.
727 1113 873 1175 militares
895 1114 951 1175 viri
973 1115 1147 1190 gloriantur

152 1195 343 1267 volneribus,
363 1196 434 1257 laeti
455 1194 600 1256 fluentem
615 1196 733 1257 meliori
747 1213 824 1258 casu
839 1199 1021 1273 sanguinem
1037 1206 1145 1261 osteu-

151 1289 224 1341 taot.
257 1281 336 1340 idem
358 1280 430 1341 lieet
451 1279 577 1340 iecerint
592 1279 643 1357 qui
666 1281 773 1354 integri
788 1289 982 1343 revertuntur
1003 1297 1044 1343 ex
1065 1282 1143 1359 acic,

123 1367 249 1440 smagis
270 1371 427 1440 spectatur
449 1366 500 1440 qui
524 1366 649 1425 saucius
665 1364 752 1424 redit.
780 1364 876 1441 lpsis,
897 1367 1039 1441 inquam,
1064 1367 1142 1430 deus

152 1449 300 1519 consulit,
320 1464 399 1523 quos
420 1463 491 1508 esse
512 1466 604 1523 quam
621 1449 858 1510 honestissimos
875 1450 973 1525 cupit,
996 1451 1143 1526 quotiens

152 1533 211 1592 illis
226 1530 381 1592 materiam
399 1532 526 1606 praebet
540 1532 655 1605 aliquid
671 1533 810 1594 animose
830 1534 1010 1609 fortiterque
1026 1535 1143 1598 lacien-

154 1616 200 1687 di,
221 1615 261 1675 ad
284 1630 375 1689 quarn
395 1631 459 1674 rem
475 1632 557 1690 opus
573 1623 620 1675 est
634 1616 739 1691 aliqua
753 1633 854 1678 rerum
871 1617 1069 1680 difficultates
1088 1636 1142 1695 gu·

151 1700 344 1760 bernatorem
359 1701 388 1759 in
403 1706 593 1774 tempestate,
609 1702 638 1758 in
654 1701 721 1760 acie
732 1701 856 1761 militem
870 1702 1041 1775 intellegas.
1060 1704 1143 1765 uode

153 1799 280 1857 possum
296 1784 391 1855 scire,
414 1791 560 1859 errantum
576 1784 726 1845 adversus
741 1793 952 1861 paupertatem
973 1785 1026 1845 tibi
1049 1788 1142 1849 animi

152 1868 204 1938 sit,
228 1868 253 1925 si
269 1868 382 1926 divitiis
400 1867 538 1928 dililuist
561 1869 644 1928 unde
661 1885 791 1944 possum
806 1870 901 1944 scire,
925 1877 1074 1944 quantum
1090 1872 1140 1933 ad-

152 1966 261 2010 versus
280 1949 476 2024 ignominiam
498 1960 528 2012 et
549 1952 703 2013 infamiam
719 1954 884 2029 odiumque
900 1953 1054 2028 populare
1069 1970 1140 2017 con·

151 2036 281 2094 stantiae
301 2035 432 2108 habeas,
456 2037 483 2096 si
504 2035 582 2095 inter
600 2038 727 2110 plausus
742 2038 898 2111 senescis,
919 2037 946 2097 si
961 2045 990 2097 te
1006 2037 1139 2116 inexpu·

150 2118 281 2192 gnabilis
308 2125 337 2178 et
364 2118 558 2180 inclinatione
586 2121 719 2194 quadam
742 2121 887 2181 mentium
909 2136 1028 2195 pronus
1051 2123 1141 2185 lavor

152 2204 312 2277 sequitur?
332 2203 415 2262 unde
436 2204 517 2276 scio,
541 2219 632 2278 quam
654 2221 755 2280 aequo
771 2204 878 2264 animo
894 2207 1012 2265 laturus
1028 2206 1077 2267 sis
1093 2222 1140 2271 or

151 2285 289 2360 bitatem,
308 2287 335 2346 si
352 2300 566 2362 quoscumque
582 2289 746 2362 sustulisti,
763 2289 874 2348 videst
889 2288 993 2349 audivi
1006 2296 1055 2363 te,
1071 2306 1140 2353 cum

150 2371 228 2431 alios
244 2372 464 2432 consolareris:
486 2378 557 2432 tunc
573 2373 823 2447 conspexissem,
845 2372 872 2432 si
890 2379 919 2430 te
938 2371 1008 2446 ipse
1025 2389 1138 2437 conso

122 2453 229 2513 dlatus
246 2469 351 2527 esses,
376 2456 401 2515 si
423 2456 535 2530 teipsa
550 2455 656 2516 dolere
671 2456 834 2516 vetuisses.
866 2455 980 2529 Nolite,
1003 2456 1138 2521 obsecro

151 2551 223 2609 vos,
245 2551 454 2610 expavescere
470 2540 543 2613 ista,
566 2554 645 2613 quae
661 2538 691 2597 di
706 2539 882 2598 inmortales
897 2539 982 2600 velut
995 2542 1138 2605 stimulos

150 2620 314 2682 admovent
328 2620 453 2681 animis=
469 2622 625 2683 calamitas
638 2622 755 2681 virtutis
770 2621 894 2683 oceasio
910 2630 966 2684 est.
988 2622 1062 2687 illos
1077 2642 1139 2689 me·

149 2705 207 2762 rito
229 2706 296 2778 quis
319 2704 431 2765 dixerit
449 2707 595 2777 miseros,
615 2705 667 2779 qui
681 2704 773 2764 nimia
787 2704 930 2768 felicitate
946 2713 1138 2787 torpescunt,

120 2791 136 2847 l
150 2804 228 2862 quos
245 2791 327 2848 velut
346 2787 376 2848 in
392 2790 467 2848 mari
482 2791 564 2848 lento
579 2787 780 2862 tranquillitas
799 2788 881 2850 iners
897 2791 1021 2851 detinet.
1046 2792 1139 2868 Quic-

149 2871 224 2946 quid
238 2872 297 2932 illis
313 2873 468 2945 inciderit,
484 2886 599 2931 novum
613 2870 722 2931 veniet.
744 2873 842 2948 magis
857 2883 967 2949 urgent
981 2890 1080 2938 saeva
1095 2879 1140 2939 in·

149 2966 310 3030 expertos:
332 2971 426 3032 grave
447 2963 496 3016 est
517 2953 629 3015 teneris
645 2955 817 3017 cervicibus
832 2957 946 3032 iugum.
975 2959 1015 3017 ad
1031 2962 1138 3039 suspi-

150 3040 269 3099 cionem
291 3038 426 3101 volneris
447 3040 504 3098 tiro
526 3038 681 3112 pallescit,
704 3040 851 3101 audacter
866 3049 1030 3103 veteranus
1046 3059 1138 3109 cruo-

148 3137 213 3181 rem
226 3139 316 3183 suum
331 3128 464 3199 spectat,
489 3121 540 3196 qui
562 3122 619 3181 scit
633 3136 668 3181 se
684 3138 779 3198 saepe
794 3125 907 3186 vicisse
923 3134 995 3201 post
1009 3128 1139 3205 sangui·

122 3206 126 3213 '
149 3222 227 3265 uem.
256 3207 321 3268 Hos
337 3209 441 3282 itaque
456 3206 534 3265 deus
550 3221 629 3280 quos
645 3206 768 3283 probat,
792 3226 872 3284 quos
890 3217 984 3284 amat,
1002 3210 1138 3287 indurat,

148 3292 351 3366 recognoscit,
368 3296 500 3349 exercet.
523 3303 577 3348 eos
594 3298 694 3350 autem
707 3292 819 3367 quibus
831 3294 991 3369 indulgere
1003 3294 1138 3373 videtur,

149 3375 260 3446 quibus
273 3389 409 3450 parcere,
422 3374 530 3434 molles
542 3373 678 3436 venturis
690 3376 777 3436 malis
790 3383 903 3438 servat.
924 3378 1033 3440 erratis
1044 3380 1138 3455 enlm.

149 3455 174 3516 si
196 3474 287 3534 quem
307 3457 448 3519 iudicatis
470 3466 647 3535 exceptum:
670 3461 771 3522 veniet
786 3462 826 3521 ad
846 3460 930 3522 illum
945 3463 998 3522 diu
1013 3462 1139 3527 felicem
