2378 3856
105 195 138 252 L.
147 193 236 252 ANN.
245 191 375 252 sullus.
382 193 569 254 LUDUSDE
576 193 708 255 MORTE
717 194 881 256 CLAUDII.
894 203 978 255 1-4.
997 193 1059 258 265
1172 220 1174 223 ·

87 345 194 406 tertius
214 346 284 405 idus
301 345 451 407 Octobris.
479 345 585 406 horam
599 361 661 406 non
675 362 808 420 possum·
820 353 933 406 certam
947 346 1000 406 tibi
1015 347 1091 416 ‹li-3

87 447 173 490 ceree
197 427 316 490 facilius
328 429 407 489 inter
417 428 620 503 philosophos
629 445 721 505 quam
731 429 810 496 inter
820 429 1058 504 horologiaeon-

86 512 201 572 veniet:
223 519 324 572 temen
338 513 416 572 inter
429 519 548 574 sextam
563 519 598 572 et
608 511 768 587 septimam
783 520 857 573 erat.

148 595 262 671 „Nimis
278 595 393 655 rustice
410 595 594 671 adquiescis.
619 613 699 656 nunc
713 597 810 669 [adeo]
827 611 933 656 omncs
949 603 1091 671 poetae4

85 696 148 740 non
170 678 303 739 contenti
324 685 409 738 ortus
431 688 461 739 et
482 695 613 740 occasus
634 678 824 751 describere,
846 686 880 740 ut
893 679 982 739 etiam
997 695 1058 738 me-

86 765 169 822 dium
181 761 455 836 dieminquietent:
476 762 1058 823 tusictransibishoramtambonam‘r“

188 846 257 906 Iam
270 846 399 905 medium
412 862 507 907 curru
517 847 651 908 Phoebos
665 847 807 908 diot'serot
818 846 916 906 orbem
966 894 969 900 .

189 929 231 988 Et
237 931 365 1003 propior
377 931 458 989 nocti
468 929 568 1001 fessas
581 930 729 1004 pruriebat
741 931 874 1009 hedenus

192 1011 312 1086 obliquo
323 1015 437 1086 flexam
451 1012 599 1073 deducens
613 1017 729 1074 tramite
743 1017 854 1074 lucem:

87 1095 232 1156 Claudius
243 1094 374 1154 animam
386 1110 478 1169 egere
488 1096 590 1170 eoepit
600 1111 657 1155 nee
668 1097 924 1156 invenireexitum
932 1103 1060 1170 poterat.

148 1178 197 1237 lii.
219 1179 294 1237 Tum
308 1177 493 1250 Mercurius,
514 1180 565 1253 qui
580 1195 702 1253 semper
715 1179 838 1253 ingenio
851 1180 917 1238 eius
929 1179 1060 1238 delecta·
1075 1191 1087 1240 1

86 1269 137 1322 tus
158 1268 256 1334 esset,
280 1277 371 1321 unam
393 1277 411 1321 e
430 1262 528 1321 tribus
550 1261 654 1321 Parcis
675 1262 795 1327 seducit
814 1269 844 1321 et
865 1262 920 1322 ait:
951 1260 1060 1334 „Quid
1106 1294 1108 1298 ν

87 1345 200 1405 semina
211 1344 441 1423 crudelissima,
456 1345 609 1404 hominem
621 1346 766 1405 miserum
778 1343 915 1418 torqueri
929 1344 1062 1419 paterisr

86 1444 145 1488 nec
156 1443 302 1502 umquam
312 1435 372 1488 tam
385 1427 435 1486 diu
448 1429 711 1489 cruciatuserrr'ett
729 1430 838 1488 Annus
847 1427 1061 1501 sexagesimus

87 1519 118 1573 et
134 1519 259 1585 quartus
276 1518 338 1585 est,
360 1527 400 1570 ex
414 1527 475 1586 quo
491 1527 560 1571 cum
578 1512 677 1570 anime
691 1512 830 1572 luctatur.
862 1511 937 1587 quid
950 1510 1020 1569 huic
1032 1516 1063 1570 et

85 1593 273 1669 reipublicae
291 1593 432 1653 invidest
465 1594 571 1654 Patere
585 1595 815 1656 mathematicos
830 1594 995 1670 aliquando
1009 1609 1061 1652 ve·
1076 1597 1093 1648 2

86 1694 153 1738 rum
169 1677 286 1752 dicere,
311 1678 363 1752 qul
380 1678 462 1738 illum
478 1692 517 1737 ex
533 1693 593 1753 quo
609 1679 754 1753 princeps
770 1679 868 1739 lactus
883 1685 946 1750 est,
966 1676 1062 1737 omni·

87 1762 144 1820 bus
160 1760 264 1834 annis,
285 1762 425 1821 omnibus
440 1761 597 1822 mensibus
613 1761 751 1822 efferunt.
773 1769 804 1821 et
820 1769 996 1846 tamennon
1015 1764 1062 1818 est
1133 1781 1140 1791 ·

86 1846 214 1916 mirum,
239 1844 265 1903 si
286 1851 388 1904 emant
408 1851 438 1904 et
457 1844 563 1905 horam
579 1846 646 1905 eius
661 1861 749 1907 nemo
765 1846 858 1905 novit.
880 1860 970 1904 nemo
983 1843 1062 1902 enim

86 1943 231 2002 umquam
253 1927 335 1986 illum
355 1935 458 1987 natum
474 1928 599 2003 putavit
634 1928 696 1988 Fac
712 1929 796 2004 q'uod
811 1929 983 1988 laciendum
999 1934 1060 1986 est=

194 2012 268 2070 dede
282 2014 356 2071 neci.
384 2014 488 2079 melior
501 2029 598 2072 vacca
611 2015 675 2073 sine
687 2021 792 2086 repnet
804 2016 836 2072 tn
849 2016 951 2072 calc.“

87 2093 151 2153 Sed
165 2093 286 2154 Clotho:
310 2094 394 2167 „Ego
410 2094 616 2168 mehercules,
630 2095 745 2168 inquit,
761 2096 902 2171 pusillum
915 2093 1062 2166 temporis
1077 2098 1094 2151 3

89 2178 212 2236 adicere
231 2175 274 2235 illi
288 2177 443 2248 volebam,
468 2177 541 2236 dum
555 2176 614 2236 hos
630 2179 794 2251 pauculos,
817 2179 870 2251 qui
885 2181 1061 2250 supersunt,

88 2259 209 2321 civitate
221 2260 359 2320 donaret.
381 2258 780 2320 constituerotenimomnes
789 2259 933 2331 Graecos,
948 2258 1061 2328 Gallos,

62 2339 64 2342 ’
87 2342 258 2418 HispanOS,
277 2343 455 2415 Britann08‚
480 2343 676 2418 [Sauromatas‚
695 2353 725 2400 et
738 2348 762 2399 si
776 2348 822 2416 qui
836 2347 908 2398 ultra
925 2345 1063 2414 glacialem

86 2435 195 2484 boream
205 2431 327 2483 incolunt
336 2432 447 2483 barbari
455 2431 475 2498 ,]
491 2431 612 2499 togatos
624 2425 737 2485 videre.
766 2423 828 2484 Sed
841 2425 986 2499 quoniam
998 2423 1062 2497 pla-

88 2517 137 2569 cet
157 2510 278 2582 aliquos
301 2510 480 2584 peregrinos
501 2510 531 2567 in
552 2524 656 2568 semen
678 2509 809 2583 relinqui
827 2515 857 2567 et
872 2515 905 2568 tu
918 2506 961 2567 ita
974 2506 1061 2565 iubes

86 2592 169 2662 lieri,
192 2591 276 2650 tlat.“
309 2591 418 2665 Aperit
439 2599 499 2652 tum
521 2592 678 2666 capsulam
700 2599 730 2652 et
749 2591 804 2652 tris
825 2593 913 2652 lusos
931 2589 1093 2666 proiert=4

86 2692 167 2734 unus
188 2681 253 2734 eret
267 2675 429 2748 Augurini,
450 2675 526 2735 alter
540 2675 660 2749 Babae,
680 2676 787 2736 tertius
803 2675 930 2735 Claudii.
966 2673 1062 2747 „Hos,

87 2757 198 2830 iuquit,
213 2756 268 2815 tris
282 2773 344 2816 uno
356 2773 437 2818 anno
450 2755 569 2831 exiguis
582 2758 747 2821 intervallis
759 2765 930 2833 temporum
942 2755 1061 2816 divisos
1074 2829 1076 2833 ι

87 2839 164 2898 mori
179 2836 290 2897 iubebo
306 2853 364 2896 nec
378 2837 462 2897 illum
477 2839 682 2899 incomitatum
698 2840 853 2900 dimittam.
886 2839 953 2898 Nou
970 2854 1061 2910 opor-

87 2928 129 2984 tet
146 2921 224 2980 enim
240 2934 325 2993 eum,
349 2919 399 2993 qui
415 2919 507 2979 modo
524 2936 559 2978 se
574 2926 619 2980 tot
635 2921 716 2978 milia
730 2919 886 2979 hominum
901 2921 1062 2995 sequentia

89 3005 226 3076 videbat,
247 3008 293 3063 tot
312 3000 541 3077 praecedentia,
565 3008 607 3062 tot
622 3002 820 3073 circumlusa,
842 3001 943 3061 subito
962 3003 1061 3062 solum

88 3087 220 3149 destitui.
244 3093 404 3146 contentus
423 3085 479 3144 erit
493 3084 540 3143 his
555 3084 672 3144 interim
689 3083 947 3149 convictoribus.“

88 3173 138 3231 lV.
172 3172 257 3231 Haec
270 3172 314 3230 ait
325 3175 354 3229 et
366 3171 449 3244 turpi
463 3172 634 3229 convolvens
646 3171 775 3228 stamina
785 3169 858 3241 suso
1077 3181 1095 3231 t

172 3256 299 3329 dirrupit
312 3253 436 3313 stolidae
450 3255 566 3326 repotia
581 3260 713 3327 temporo
729 3255 813 3312 vitae.

173 3339 213 3398 At
223 3338 365 3398 Lachesis
378 3338 518 3401 redimita
533 3332 646 3408 comcs,
662 3339 922 3411 ornamcopr'llos,

172 3422 272 3481 Pierio
285 3425 395 3482 minem
411 3423 498 3480 locro
509 3419 697 3495 frontemque
710 3435 856 3481 coronans
