2378 3856
173 204 236 270 2⁴0
352 206 385 265 L.
407 204 554 266 nunniti
576 204 752 266 SENECAE
777 204 879 265 DlAL.
901 198 967 267 XII.

140 357 274 423 tentem
294 361 405 418 facere.
438 357 504 417 Non
524 363 587 429 est,
613 356 697 431 quod
718 357 758 416 de
779 372 828 416 me
842 354 911 418 aliis
926 356 1061 417 modest
1087 358 1154 435 ipse

173 444 241 517 tibi,
267 442 404 517 nequid
426 440 551 500 incertis
572 439 771 514 opiuiouibus
786 438 993 515 perturberis,
1019 440 1153 503 indleo

173 523 630 588 menonessemiserum.
655 522 837 597 adiciam,
860 524 1169 599 quoseeuriore'm·

173 605 911 703 neiieriquidemmeposnsemiserum.

145 692 159 743 l
234 695 273 751 V.
295 692 383 753 Bona
397 690 578 751 condicione
592 687 686 764 geniti
700 704 816 763 sumus,
832 690 938 750 sieem
950 704 1015 751 uon
1027 690 1149 752 desem·

173 779 296 838 erimus.
330 775 363 834 ld
386 774 448 849 egit
460 789 562 834 rerum
577 780 699 844 natum,
714 780 749 832 ut
762 772 802 831 ad
816 773 897 833 bene
908 773 1081 835 vivendum
1092 790 1148 836 nou

174 876 284 935 magno
302 859 449 933 adparatu
465 872 545 931 opus
560 864 659 916 esset:
673 856 947 931 unusquisque
962 857 1099 919 faeere
1111 873 1148 919 se
1186 884 1188 935 ;

172 946 483 1016 beatumpotest.
512 940 1146 1004 levemomeutuminadventioiis
1186 942 1188 951 '

173 1025 290 1085 robus
308 1030 413 1083 estet
428 1022 510 1097 quod
524 1021 554 1081 in
570 1030 708 1082 neutram
723 1030 842 1097 purtem
856 1038 987 1100 mugnus
1000 1024 1087 1087 vires
1099 1024 1145 1085 iu·

172 1109 258 1169 beot:
273 1121 331 1167 neo
345 1105 483 1167 seeundo
498 1107 667 1180 sapientem
683 1106 816 1167 evehunt
826 1120 884 1166 neo
895 1106 1036 1168 adverse
1047 1108 1143 1169 demit·

172 1199 247 1252 tunt.
280 1189 429 1251 loboravit
444 1189 523 1250 enim
538 1204 674 1265 semper,
689 1198 723 1250 ut
736 1189 768 1250 in
782 1204 820 1252 se
831 1189 997 1265 plurimum
1011 1198 1142 1267 poneret,

145 1276 251 1336 nintra
273 1290 308 1334 se
329 1288 419 1336 omne
440 1272 583 1349 goudium
605 1280 731 1351 peteret.
763 1274 842 1348 Quid
855 1280 955 1349 ergot
977 1276 1142 1351 sapientem

173 1376 245 1420 esse
266 1374 315 1418 me
334 1358 426 1419 dieot
450 1356 582 1417 minime.
615 1357 730 1417 numid
745 1358 870 1433 quidem
883 1357 910 1417 si
924 1356 1065 1433 profiteri
1078 1372 1142 1435 poe

173 1459 249 1515 sem,
265 1458 325 1504 non
339 1449 455 1502 tuntum
471 1456 613 1515 negarem
630 1440 774 1500 miserum
788 1455 860 1501 esse
872 1454 930 1514 me,
944 1440 1004 1502 sed
1015 1441 1142 1502 omnium

173 1524 443 1585 tonunonssimum
466 1531 495 1582 et
514 1525 544 1582 in
567 1522 698 1585 vicinum
718 1524 777 1584 deo
793 1523 974 1599 perductum
991 1524 1142 1600 praetiu-

172 1623 252 1668 rem=
277 1623 372 1681 nuno,
396 1606 479 1680 quod
501 1607 576 1666 sotis
591 1616 639 1667 est
655 1606 695 1666 nd
709 1609 807 1667 omnis
822 1606 963 1668 miserias
979 1608 1143 1681 leniendus,

173 1689 364 1766 sapientibus
385 1706 434 1749 me
449 1689 522 1750 uiris
537 1690 609 1751 dedi
624 1698 655 1750 et
667 1690 800 1751 nondum
816 1691 846 1750 in
862 1691 1011 1752 auxilium
1024 1692 1083 1753 mei
1096 1707 1143 1751 ro-

173 1775 254 1834 lidus
275 1776 305 1833 in
327 1773 426 1833 atiena
440 1781 541 1833 eastra
557 1774 693 1848 coniugi,
716 1790 820 1835 eorum
836 1773 968 1849 scilicet,
991 1774 1048 1851 qui
1061 1775 1144 1835 ioeiio

143 1855 209 1917 ose
230 1872 265 1915 ao
288 1873 363 1916 suos
384 1862 514 1916 tuentur.
547 1857 590 1915 itti
612 1873 661 1916 me
681 1855 837 1919 iusserunt
851 1864 934 1918 stare
949 1858 1083 1921 adsidue
1096 1872 1144 1917 ve

172 1943 216 2000 lut
250 1941 280 1998 in
314 1937 470 2014 praesidio
500 1939 632 2014 positum
662 1949 692 2001 et
721 1942 819 2002 omnis
848 1948 977 2002 conatus
1010 1944 1145 2004 iortuneo

173 2032 203 2083 et
234 2024 332 2083 omnis
361 2023 482 2097 inpetus
508 2024 688 2097 prospicere
712 2027 806 2085 mutto
831 2031 901 2085 ante
927 2042 1023 2101 quom
1048 2026 1144 2087 ineur-

172 2113 249 2167 ront.
282 2105 341 2166 iilis
365 2105 551 2181 gravisum,
579 2106 690 2182 quibus
710 2108 1059 2182 1·epentinoest=foeiie
1082 2124 1144 2171 eum

174 2193 317 2263 sustinet,
354 2190 404 2266 qui
437 2205 561 2265 semper
586 2197 754 2265 exspectet.
787 2207 856 2251 nem
879 2200 910 2253 et
933 2192 1071 2255 hostium
1096 2192 1144 2254 ed·

172 2282 282 2335 ventus
313 2290 368 2334 eos
394 2274 572 2349 prosternit,
599 2289 678 2349 quos
700 2275 886 2350 inopinantis
911 2278 1093 2353 ooeupevit=
1119 2280 1146 2337 et

173 2357 225 2433 qui
253 2359 355 2419 futuro
387 2373 421 2416 se
448 2357 528 2419 bello
554 2365 624 2416 ante
646 2359 759 2418 bellum
794 2368 998 2436 paraverunt,
1032 2376 1144 2438 oonpo

173 2442 221 2501 siti
247 2449 276 2500 et
303 2442 396 2516 aptati
409 2442 554 2515 primum,
581 2442 633 2516 qui
657 2443 951 2504 tumultuosissimus
965 2450 1031 2518 est,
1059 2446 1144 2507 ictum

143 2525 259 2583 tfeoile
279 2524 442 2598 excipiunt.
474 2523 646 2598 Numquam
667 2539 724 2599 ego
740 2527 879 2587 fortunae
900 2527 1034 2603 credidi,
1060 2529 1144 2589 etiem

173 2622 240 2665 oum
261 2605 414 2665 videretur
428 2621 535 2680 paoem
553 2622 652 2680 ogere.
685 2610 786 2668 omnia
806 2608 872 2683 ille,
898 2611 1026 2685 quaein
1041 2612 1145 2672 mein·

173 2687 404 2763 dulgentissime
419 2688 610 2763 conterebat,
633 2692 809 2767 pecuniam,
833 2693 984 2768 honores,
1010 2696 1145 2771 gretiam,

172 2788 210 2833 eo
224 2774 293 2831 loeo
309 2772 416 2847 posui,
438 2772 521 2832 undo
535 2779 643 2847 posset
657 2774 723 2834 sine
737 2785 820 2836 motu
835 2790 905 2837 meo
920 2784 1075 2854 repetere.
1104 2780 1146 2839 in·

170 2856 330 2917 tervallum
351 2856 493 2916 interitio
508 2866 538 2917 et
551 2873 600 2916 me
613 2873 755 2934 magnum
769 2859 872 2920 hebui.
904 2858 1011 2937 imque
1025 2862 1147 2925 abstulit

171 2941 237 3014 iiio,
264 2955 324 3002 non
346 2940 466 3001 avulsit.
498 2940 653 3002 Neminem
675 2942 806 3003 adversa
830 2944 951 3005 fortuna
971 2947 1146 3021 conminuit,

141 3025 228 3084 orrisi
244 3040 334 3098 quern
350 3024 487 3084 seeundo
501 3024 632 3098 decepit.
651 3025 697 3085 Illi
713 3026 764 3100 qui
775 3043 902 3088 munera
914 3029 981 3089 eius
993 3031 1081 3091 vetut
1092 3046 1147 3092 suo

172 3115 201 3165 et
215 3114 365 3182 perpetua
379 3115 564 3180 amaverunt,
581 3110 632 3182 qui
650 3123 685 3167 se
700 3108 816 3184 suspici
832 3119 960 3187 propter
974 3112 1027 3175 iiie
1041 3115 1146 3176 volue-

170 3197 252 3262 runt,
279 3192 379 3248 iacent
399 3196 429 3248 et
448 3197 598 3264 moerent,
626 3207 694 3251 eum
708 3208 806 3254 venos
820 3202 851 3255 et
865 3196 1002 3270 pueriles
1017 3198 1145 3269 animos,

170 3274 270 3333 omnis
292 3272 411 3332 solidae
430 3272 626 3346 voluptatis
618 3288 758 3350 ignaros,
785 3278 864 3339 sulse
878 3284 908 3338 et
921 3281 1049 3342 mobilia
1064 3283 1145 3343 oble

171 3362 320 3416 etamenta
335 3346 517 3414 destituunt:
533 3361 563 3415 et
576 3356 634 3430 ilie,
651 3359 703 3431 qui
719 3374 753 3418 se
768 3361 854 3422 laetis
869 3362 964 3425 rebus
978 3380 1044 3427 non
1059 3364 1141 3427 inflo

169 3439 227 3514 vit,
244 3454 301 3499 nee
314 3437 417 3497 mutat
397 3435 609 3498 montrabitis
633 3441 783 3504 adversus
799 3450 962 3525 utrumque
976 3451 1112 3512 statum
1105 3464 1135 3511 ru

1128 3730 1134 3751 t

1120 3766 1134 3800 Ι
1185 3790 1188 3799 .
