2378 3856
253 201 355 260 orna.
374 202 425 262 m.
449 201 501 262 aa
523 203 592 263 mn
612 204 685 263 ma.
707 205 729 262 1.
745 211 843 268 o-a.
996 166 1036 269 lt

60 352 221 413 moderari.
255 368 326 412 nam
341 369 409 412 curn
424 369 460 412 εε
473 351 504 411 in
519 353 722 428 possessione
737 363 914 429 posuerunt,
932 365 1038 432 poten·

59 437 138 498 liora
150 442 271 497 rectore
286 443 358 496 sunt
371 451 429 495 nec
449 435 544 496 recidi
565 452 600 497 εε
620 438 753 497 minuive
776 439 938 513 patiuntur.
980 440 1069 501 lle-3

59 520 130 590 inde
152 519 229 579 ratio
251 518 338 595 ipsa,
367 520 415 580 cui
431 519 507 580 lreni
521 521 695 594 traduntur,
721 523 837 582 tamdiu
855 530 970 598 potens
991 531 1039 584 est

62 603 207 675 quamdiu
222 602 347 663 diducta
361 610 409 663 est
422 603 462 662 ab
478 603 658 664 adfectibus.
700 605 726 664 si
747 605 870 665 miscuit
882 622 918 666 se
932 606 992 667 illis
1010 615 1040 669 et

60 685 236 762 inquinavit,
260 702 321 746 non
336 693 438 761 potest
452 687 607 758 continere
623 704 701 762 quos
724 688 908 749 submovere
925 691 1039 765 potuis-

59 779 115 831 set.
152 778 303 850 commota
316 771 396 830 enim
411 771 506 831 semel
522 778 552 830 et
564 786 698 832 excussa
712 788 799 832 mens
813 773 841 833 ei
858 773 961 848 servit,
976 790 1038 848 quo

60 855 221 929 inpellitur.
255 854 459 928 Quarumdam
479 870 580 915 rerum
602 854 685 915 initia
704 856 735 915 in
760 863 866 916 nostra
888 857 1069 931 potestatel

61 944 150 1011 sunt,
170 938 314 999 ulteriora
334 953 391 998 nos
405 938 438 998 vi
458 954 515 998 sua
534 939 657 1012 rapiunt
677 955 735 999 nec
753 954 930 1014 regressum
950 940 1040 999 relin-

59 1029 165 1098 quunt.
198 1020 282 1082 Utin
298 1037 449 1098 praeceps
464 1022 543 1081 datis
558 1023 740 1098 corporibus
756 1025 870 1082 nullum
891 1023 939 1083 sui
961 1022 1040 1084 arbi-

58 1106 147 1167 trium
166 1113 214 1167 est
236 1121 293 1165 nec
313 1106 457 1166 resistere
472 1106 623 1166 morarive
645 1107 763 1167 deiecta
785 1115 961 1182 potuerunt,
984 1106 1040 1168 sed

59 1189 220 1249 consilium
235 1205 325 1250 omne
340 1198 370 1250 et
384 1187 599 1266 poenitentiam
623 1190 839 1250 inrevocabilis
860 1191 1039 1264 praecipita-

59 1274 101 1334 tio
117 1271 249 1333 abscidit
263 1280 293 1333 et
306 1290 367 1334 non
383 1275 454 1333 licet
468 1289 505 1333 eo
524 1288 586 1332 non
603 1274 773 1347 pervenire,
789 1289 851 1347 quo
868 1289 929 1332 non
945 1274 989 1333 ire
1005 1273 1039 1332 ti-

59 1358 190 1418 culssel=
219 1356 262 1416 ila
275 1358 396 1418 animus
413 1355 440 1416 si
454 1357 486 1415 in
500 1356 590 1427 iram,
612 1371 746 1416 amorem
761 1356 903 1431 aliosque
917 1371 952 1415 se
967 1372 1040 1430 pro·

58 1441 130 1501 iecit
145 1441 298 1514 adlectus,
311 1457 374 1501 non
392 1439 569 1514 permittitur
583 1437 750 1514 reprimere
764 1440 908 1514 inpetum.
943 1439 1041 1513 rapiat

57 1525 142 1584 illum
156 1531 279 1598 oportet
301 1531 329 1582 et
344 1525 382 1583 ad
401 1525 493 1583 imum
513 1528 584 1596 agat
604 1524 727 1598 pondus
746 1540 836 1584 suurn
856 1529 887 1583 et
901 1521 1040 1583 vitiorum

57 1616 167 1667 natura
182 1605 338 1681 proclivis.

120 1691 200 1751 Vlll.
235 1689 387 1765 Optimum
403 1697 450 1751 est
472 1691 599 1766 primum
621 1691 843 1750 inritamentum
864 1688 928 1749 irae
947 1689 1040 1764 proti·
1052 1702 1068 1754 1

58 1792 117 1835 nus
132 1790 280 1849 spernere
295 1774 433 1849 ipsisque
448 1790 621 1850 repugnare
636 1773 804 1835 seminibus
820 1779 862 1846 [et
876 1774 951 1832 dare
966 1787 1039 1847 ope·

57 1875 124 1917 ram
139 1875 178 1918 ne
192 1858 363 1918 incidamus
378 1858 408 1916 in
423 1859 521 1930 lramJ.
548 1874 617 1918 nam
633 1860 660 1918 si
676 1856 778 1933 coepit
792 1858 871 1917 lerre
887 1863 1039 1916 transver-

59 1957 129 2014 sos,
150 1941 283 2002 dilllcilis
301 1943 342 2002 ad
355 1942 484 2003 salutem
498 1958 644 2003 recursus
659 1949 721 2012 est,
744 1940 889 2016 quoniam
904 1939 978 1999 nihil
992 1954 1039 1998 ra-

57 2026 151 2085 tionis
176 2032 237 2098 est,
263 2024 316 2086 ubl
338 2028 433 2085 semel
457 2027 596 2087 adlectus
622 2026 764 2086 inductus
790 2031 838 2085 est
862 2024 973 2099 iusque
998 2022 1040 2082 illi

59 2108 185 2180 aliquod
199 2110 355 2169 voluntate
367 2116 472 2168 nostra
484 2110 586 2170 datum
598 2117 660 2169 esta
676 2108 768 2168 laciet
779 2109 819 2168 de
830 2116 931 2168 cetero
945 2122 1039 2181 quan-

58 2199 123 2250 tum
138 2193 233 2263 volet,
249 2207 311 2252 non
327 2201 472 2266 quantum
489 2191 674 2268 permiseris.
717 2193 752 2250 ln
769 2192 889 2265 primis,
905 2193 1068 2264 inquam,2

57 2273 174 2334 linibus
194 2274 292 2334 hostis
312 2276 463 2335 arcendus
484 2284 540 2335 est.
584 2291 654 2335 nam
675 2292 743 2336 cum
764 2273 885 2334 intravit
899 2272 1040 2351 etporlis

58 2373 94 2418 se
110 2356 218 2431 inanit,
235 2358 359 2419 modurn
380 2374 399 2416 a
414 2358 544 2433 captivis
559 2375 619 2418 non
635 2358 756 2432 accipit.
775 2355 976 2430 nequeenim
992 2369 1041 2415 se·

59 2443 180 2516 positus
196 2451 244 2503 est
258 2443 376 2502 animus
392 2449 422 2502 et
436 2439 628 2502 extrinsecus
644 2441 820 2516 speculatur
834 2439 974 2499 adlectus
983 2478 997 2511 ,-
1009 2444 1042 2497 ui

58 2525 128 2585 illos
149 2541 209 2585 non
232 2525 363 2601 patiatur
383 2527 462 2586 ultra
483 2541 573 2600 quarn
594 2532 714 2600 oporiet
734 2523 918 2599 procedere,
940 2521 1040 2582 sedin

59 2608 212 2669 adlectum
241 2610 310 2685 ipse
334 2615 464 2670 mutatur
489 2610 623 2684 ideoque
644 2625 705 2669 non
727 2614 829 2684 potest
843 2605 945 2667 utilem
960 2605 1042 2665 illam

58 2693 119 2751 vim
134 2699 164 2751 ei
178 2694 357 2764 salutarem,
379 2692 530 2768 proditam
550 2695 609 2752 iam
627 2693 869 2766 infirmatamque
883 2704 1040 2750 revocare.
1136 2705 1139 2710 ·

58 2775 124 2836 Non
140 2776 228 2849 enim,
244 2783 277 2837 ui
290 2776 363 2849 dixi,
381 2783 539 2852 separatas
560 2777 619 2836 ista
638 2777 731 2840 sedes
747 2791 821 2836 suas
837 2775 1070 2847 diductasquea

58 2858 184 2932 habent,
208 2861 265 2920 sed
285 2860 424 2921 adlectus
439 2860 559 2921 erratio
574 2860 604 2918 in
621 2859 728 2918 melius
744 2858 895 2933 peiusque
916 2856 1041 2915 mutatio

59 2942 151 3002 animi
166 2949 222 3002 est
260 2942 420 3015 Quomodo
436 2958 510 3016 ergo
524 2943 601 3003 ratio
617 2950 768 3015 occupata
783 2947 813 2998 et
828 2953 981 3013 oppressa
996 2937 1041 2995 vi·

60 3025 107 3085 tiis
122 3032 271 3100 resurget,
288 3042 368 3100 quae
382 3026 445 3086 irae
459 3025 574 3085 cessit?
586 3031 637 3084 aut
649 3023 904 3098 quemadmodum
917 3036 956 3080 ex
968 3037 1039 3080 con-

61 3109 181 3170 tusione
197 3125 232 3169 se
247 3109 398 3181 liberabit,
425 3109 454 3168 in
478 3124 539 3183 qua
554 3108 693 3183 peiorum
707 3108 838 3166 mixtura
853 3104 1043 3180 praevaluit?

58 3190 141 3266 „Sed
163 3192 303 3267 quidam,
324 3192 435 3266 inquit,
458 3193 488 3251 in
509 3192 555 3251 ira
574 3207 609 3252 se
629 3191 814 3252 continent.“
846 3190 953 3250 Utrum
968 3185 1069 3261 ergol

59 3275 114 3349 ita,
140 3284 174 3336 ut
197 3275 270 3335 nihil
291 3275 403 3335 iaciant
424 3290 529 3335 eorum
545 3291 624 3350 quae
637 3277 683 3334 ira
697 3274 791 3335 dictat
804 3289 843 3333 an
858 3279 891 3333 ut
904 3270 1042 3346 aliquid?

35 3424 37 3428 f
59 3359 90 3417 si.
106 3359 180 3418 nihil
196 3359 325 3433 iaciunt,
351 3359 478 3435 adparet
498 3376 560 3420 non
575 3373 646 3419 esse
661 3359 700 3418 ad
716 3358 852 3418 actiones
873 3366 1040 3428 rerumne·

59 3443 227 3503 cessariam
242 3443 330 3516 lram,
353 3458 443 3518 quam
467 3459 540 3517 vos,
563 3443 651 3516 quasi
673 3442 779 3501 lortius
794 3438 910 3512 aliquid
924 3433 1041 3495 ratione
