<?xml version="1.0" encoding="UTF-8"?>
<!DOCTYPE html PUBLIC "-//W3C//DTD XHTML 1.0 Transitional//EN"
    "http://www.w3.org/TR/xhtml1/DTD/xhtml1-transitional.dtd">
<html xmlns="http://www.w3.org/1999/xhtml" xml:lang="en" lang="en">
 <head>
  <title>
</title>
<meta http-equiv="Content-Type" content="text/html;charset=utf-8" />
  <meta name='ocr-system' content='tesseract 3.04.00' />
  <meta name='ocr-capabilities' content='ocr_page ocr_carea ocr_par ocr_line ocrx_word'/>
</head>
<body>
  <div class='ocr_page' id='page_1' title='image "./lannaeisenecaeo03senegoog_0083.png"; bbox 0 0 2378 3856; ppageno 0'>
   <div class='ocr_carea' id='block_1_1' title="bbox 160 200 849 271">
    <p class='ocr_par' dir='ltr' id='par_1_1' title="bbox 160 200 849 271">
     <span class='ocr_line' id='line_1_1' title="bbox 160 200 849 271; baseline 0 -10"><span class='ocrx_word' id='word_1_1' title='bbox 160 204 203 271; x_wconf 74' lang='lat'>66</span> <span class='ocrx_word' id='word_1_2' title='bbox 449 205 481 261; x_wconf 90' lang='lat' dir='ltr'>L.</span> <span class='ocrx_word' id='word_1_3' title='bbox 505 203 651 263; x_wconf 82' lang='grc' dir='ltr'>ΑΝΝΑΕΙ</span> <span class='ocrx_word' id='word_1_4' title='bbox 673 200 849 262; x_wconf 80' lang='lat' dir='ltr'><strong>SENECAE</strong></span> 
     </span>
    </p>
   </div>
   <div class='ocr_carea' id='block_1_2' title="bbox 161 348 1150 432">
    <p class='ocr_par' dir='ltr' id='par_1_2' title="bbox 161 348 1150 432">
     <span class='ocr_line' id='line_1_2' title="bbox 161 348 1150 432; baseline -0.003 -15"><span class='ocrx_word' id='word_1_5' title='bbox 161 372 251 432; x_wconf 88' lang='lat' dir='ltr'>quam</span> <span class='ocrx_word' id='word_1_6' title='bbox 265 370 377 431; x_wconf 70' lang='lat' dir='ltr'>graves</span> <span class='ocrx_word' id='word_1_7' title='bbox 392 361 463 414; x_wconf 90' lang='lat' dir='ltr'>sunt</span> <span class='ocrx_word' id='word_1_8' title='bbox 477 353 670 426; x_wconf 81' lang='lat' dir='ltr'>levioresque</span> <span class='ocrx_word' id='word_1_9' title='bbox 685 352 756 411; x_wconf 91' lang='lat' dir='ltr'>dnm</span> <span class='ocrx_word' id='word_1_10' title='bbox 771 349 927 425; x_wconf 90' lang='lat' dir='ltr'>incipiunt.</span> <span class='ocrx_word' id='word_1_11' title='bbox 952 348 1051 411; x_wconf 85' lang='lat' dir='ltr'>siccis</span> <span class='ocrx_word' id='word_1_12' title='bbox 1065 359 1150 415; x_wconf 69' lang='lat' dir='ltr'>ecte</span> 
     </span>
    </p>
   </div>
   <div class='ocr_carea' id='block_1_3' title="bbox 131 432 1154 3506">
    <p class='ocr_par' dir='ltr' id='par_1_3' title="bbox 160 432 1154 760">
     <span class='ocr_line' id='line_1_3' title="bbox 161 432 1148 510; baseline -0.007 -10"><span class='ocrx_word' id='word_1_13' title='bbox 161 441 241 500; x_wconf 89' lang='lat' dir='ltr'>tibus</span> <span class='ocrx_word' id='word_1_14' title='bbox 255 439 421 498; x_wconf 85' lang='lat' dir='ltr'>vehemens</span> <span class='ocrx_word' id='word_1_15' title='bbox 436 437 624 510; x_wconf 87' lang='lat' dir='ltr'>robustaque</span> <span class='ocrx_word' id='word_1_16' title='bbox 638 436 684 494; x_wconf 86' lang='lat' dir='ltr'>ira</span> <span class='ocrx_word' id='word_1_17' title='bbox 698 442 759 508; x_wconf 87' lang='lat' dir='ltr'>est,</span> <span class='ocrx_word' id='word_1_18' title='bbox 781 435 837 495; x_wconf 91' lang='lat' dir='ltr'>sed</span> <span class='ocrx_word' id='word_1_19' title='bbox 856 432 924 492; x_wconf 86' lang='lat' dir='ltr'>sine</span> <span class='ocrx_word' id='word_1_20' title='bbox 941 433 1148 510; x_wconf 71' lang='lat' dir='ltr'>incremento,</span> 
     </span>
     <span class='ocr_line' id='line_1_4' title="bbox 160 517 1154 594; baseline -0.006 -12"><span class='ocrx_word' id='word_1_21' title='bbox 160 539 222 583; x_wconf 91' lang='lat' dir='ltr'>non</span> <span class='ocrx_word' id='word_1_22' title='bbox 237 523 361 582; x_wconf 88' lang='lat' dir='ltr'>multum</span> <span class='ocrx_word' id='word_1_23' title='bbox 376 520 434 580; x_wconf 89' lang='lat' dir='ltr'>sibi</span> <span class='ocrx_word' id='word_1_24' title='bbox 449 519 602 592; x_wconf 79' lang='lat' dir='ltr'>adiciens,</span> <span class='ocrx_word' id='word_1_25' title='bbox 624 518 696 593; x_wconf 84' lang='lat' dir='ltr'>quia</span> <span class='ocrx_word' id='word_1_26' title='bbox 709 518 883 577; x_wconf 81' lang='lat' dir='ltr'>inclinatum</span> <span class='ocrx_word' id='word_1_27' title='bbox 898 517 1037 577; x_wconf 84' lang='lat' dir='ltr'>calorem</span> <span class='ocrx_word' id='word_1_28' title='bbox 1049 517 1154 594; x_wconf 67' lang='lat' dir='ltr'>frigus.</span> 
     </span>
     <span class='ocr_line' id='line_1_5' title="bbox 160 601 1147 678; baseline -0.003 -13"><span class='ocrx_word' id='word_1_29' title='bbox 160 605 339 678; x_wconf 83' lang='lat' dir='ltr'>insequitur.</span> <span class='ocrx_word' id='word_1_30' title='bbox 372 619 463 664; x_wconf 89' lang='lat' dir='ltr'>senes</span> <span class='ocrx_word' id='word_1_31' title='bbox 485 602 627 662; x_wconf 82' lang='lat' dir='ltr'>difficiles</span> <span class='ocrx_word' id='word_1_32' title='bbox 648 608 678 660; x_wconf 89' lang='lat' dir='ltr'>et</span> <span class='ocrx_word' id='word_1_33' title='bbox 699 601 817 675; x_wconf 82' lang='lat' dir='ltr'>queruli</span> <span class='ocrx_word' id='word_1_34' title='bbox 838 607 924 673; x_wconf 87' lang='lat' dir='ltr'>suut,</span> <span class='ocrx_word' id='word_1_35' title='bbox 950 601 1096 674; x_wconf 78' lang='lat' dir='ltr'>utaegri</span> <span class='ocrx_word' id='word_1_36' title='bbox 1116 609 1147 662; x_wconf 90' lang='lat' dir='ltr'>et</span> 
     </span>
     <span class='ocr_line' id='line_1_6' title="bbox 162 682 1148 760; baseline -0.005 -12"><span class='ocrx_word' id='word_1_37' title='bbox 162 689 414 748; x_wconf 75' lang='lat' dir='ltr'>convalescentes</span> <span class='ocrx_word' id='word_1_38' title='bbox 430 695 460 746; x_wconf 86' lang='lat' dir='ltr'>et</span> <span class='ocrx_word' id='word_1_39' title='bbox 474 701 603 760; x_wconf 89' lang='lat' dir='ltr'>quorum</span> <span class='ocrx_word' id='word_1_40' title='bbox 625 690 677 744; x_wconf 86' lang='lat' dir='ltr'>aut</span> <span class='ocrx_word' id='word_1_41' title='bbox 691 682 871 743; x_wconf 80' lang='lat' dir='ltr'>lassitudine</span> <span class='ocrx_word' id='word_1_42' title='bbox 886 689 937 745; x_wconf 85' lang='lat' dir='ltr'>aut</span> <span class='ocrx_word' id='word_1_43' title='bbox 951 682 1148 744; x_wconf 85' lang='lat' dir='ltr'>detractione</span> 
     </span>
    </p>

    <p class='ocr_par' dir='ltr' id='par_1_4' title="bbox 134 767 1147 1426">
     <span class='ocr_line' id='line_1_7' title="bbox 134 767 1146 845; baseline -0.007 -10"><span class='ocrx_word' id='word_1_44' title='bbox 134 771 319 845; x_wconf 76' lang='lat' dir='ltr'>esangninis</span> <span class='ocrx_word' id='word_1_45' title='bbox 334 769 502 830; x_wconf 88' lang='lat' dir='ltr'>exhaustus</span> <span class='ocrx_word' id='word_1_46' title='bbox 518 776 566 829; x_wconf 89' lang='lat' dir='ltr'>est</span> <span class='ocrx_word' id='word_1_47' title='bbox 580 767 672 828; x_wconf 89' lang='lat' dir='ltr'>calor.</span> <span class='ocrx_word' id='word_1_48' title='bbox 712 767 745 827; x_wconf 92' lang='lat' dir='ltr'>ln</span> <span class='ocrx_word' id='word_1_49' title='bbox 767 767 874 826; x_wconf 85' lang='lat' dir='ltr'>eadem</span> <span class='ocrx_word' id='word_1_50' title='bbox 896 781 991 827; x_wconf 85' lang='lat' dir='ltr'>causa</span> <span class='ocrx_word' id='word_1_51' title='bbox 1007 773 1084 826; x_wconf 89' lang='lat' dir='ltr'>sunt</span> <span class='ocrx_word' id='word_1_52' title='bbox 1097 768 1146 828; x_wconf 87' lang='lat' dir='ltr'>siti</span> 
     </span>
     <span class='ocr_line' id='line_1_8' title="bbox 161 850 1145 928; baseline -0.003 -15"><span class='ocrx_word' id='word_1_53' title='bbox 161 856 303 928; x_wconf 84' lang='lat' dir='ltr'>fameque</span> <span class='ocrx_word' id='word_1_54' title='bbox 316 853 414 912; x_wconf 89' lang='lat' dir='ltr'>rabidi</span> <span class='ocrx_word' id='word_1_55' title='bbox 429 860 459 912; x_wconf 93' lang='lat' dir='ltr'>et</span> <span class='ocrx_word' id='word_1_56' title='bbox 479 852 592 926; x_wconf 89' lang='lat' dir='ltr'>quibus</span> <span class='ocrx_word' id='word_1_57' title='bbox 613 865 771 925; x_wconf 78' lang='lat' dir='ltr'>exsangue</span> <span class='ocrx_word' id='word_1_58' title='bbox 792 865 905 924; x_wconf 89' lang='lat' dir='ltr'>corpus</span> <span class='ocrx_word' id='word_1_59' title='bbox 925 855 974 910; x_wconf 89' lang='lat' dir='ltr'>est</span> <span class='ocrx_word' id='word_1_60' title='bbox 993 850 1145 925; x_wconf 78' lang='lat' dir='ltr'>maligne-</span> 
     </span>
     <span class='ocr_line' id='line_1_9' title="bbox 161 931 1146 1012; baseline -0.003 -15"><span class='ocrx_word' id='word_1_61' title='bbox 161 953 221 1012; x_wconf 92' lang='lat' dir='ltr'>que</span> <span class='ocrx_word' id='word_1_62' title='bbox 235 935 324 995; x_wconf 87' lang='lat' dir='ltr'>alitur</span> <span class='ocrx_word' id='word_1_63' title='bbox 344 942 374 994; x_wconf 88' lang='lat' dir='ltr'>et</span> <span class='ocrx_word' id='word_1_64' title='bbox 394 933 506 994; x_wconf 81' lang='lat' dir='ltr'>delicit.</span> <span class='ocrx_word' id='word_1_65' title='bbox 540 935 642 994; x_wconf 90' lang='lat' dir='ltr'>vinnm</span> <span class='ocrx_word' id='word_1_66' title='bbox 663 932 797 993; x_wconf 76' lang='lat' dir='ltr'>incendit</span> <span class='ocrx_word' id='word_1_67' title='bbox 816 933 892 1002; x_wconf 90' lang='lat' dir='ltr'>iras,</span> <span class='ocrx_word' id='word_1_68' title='bbox 920 931 993 1008; x_wconf 83' lang='lat' dir='ltr'>qula</span> <span class='ocrx_word' id='word_1_69' title='bbox 1009 932 1146 994; x_wconf 84' lang='lat' dir='ltr'>calorem</span> 
     </span>
     <span class='ocr_line' id='line_1_10' title="bbox 160 1013 1145 1093; baseline -0.003 -14"><span class='ocrx_word' id='word_1_70' title='bbox 160 1027 251 1093; x_wconf 80' lang='lat' dir='ltr'>auget</span> <span class='ocrx_word' id='word_1_71' title='bbox 274 1033 330 1093; x_wconf 89' lang='lat' dir='ltr'>pro</span> <span class='ocrx_word' id='word_1_72' title='bbox 351 1019 502 1091; x_wconf 88' lang='lat' dir='ltr'>cuiusque</span> <span class='ocrx_word' id='word_1_73' title='bbox 521 1026 638 1077; x_wconf 88' lang='lat' dir='ltr'>natura.</span> <span class='ocrx_word' id='word_1_74' title='bbox 675 1017 797 1091; x_wconf 90' lang='lat' dir='ltr'>quidam</span> <span class='ocrx_word' id='word_1_75' title='bbox 823 1015 899 1076; x_wconf 84' lang='lat' dir='ltr'>ebrii</span> <span class='ocrx_word' id='word_1_76' title='bbox 924 1013 1145 1090; x_wconf 82' lang='lat' dir='ltr'>effervescunt,</span> 
     </span>
     <span class='ocr_line' id='line_1_11' title="bbox 161 1098 1147 1176; baseline 0 -16"><span class='ocrx_word' id='word_1_77' title='bbox 161 1102 285 1176; x_wconf 89' lang='lat' dir='ltr'>quidam</span> <span class='ocrx_word' id='word_1_78' title='bbox 300 1101 404 1161; x_wconf 89' lang='lat' dir='ltr'>saucii.</span> <span class='ocrx_word' id='word_1_79' title='bbox 438 1116 539 1174; x_wconf 91' lang='lat' dir='ltr'>neque</span> <span class='ocrx_word' id='word_1_80' title='bbox 553 1103 614 1160; x_wconf 92' lang='lat' dir='ltr'>ulla</span> <span class='ocrx_word' id='word_1_81' title='bbox 628 1099 685 1158; x_wconf 88' lang='lat' dir='ltr'>elia</span> <span class='ocrx_word' id='word_1_82' title='bbox 700 1115 795 1160; x_wconf 88' lang='lat' dir='ltr'>causa</span> <span class='ocrx_word' id='word_1_83' title='bbox 814 1106 876 1171; x_wconf 89' lang='lat' dir='ltr'>est,</span> <span class='ocrx_word' id='word_1_84' title='bbox 897 1113 952 1157; x_wconf 87' lang='lat' dir='ltr'>cur</span> <span class='ocrx_word' id='word_1_85' title='bbox 972 1098 1147 1160; x_wconf 86' lang='lat' dir='ltr'>iracundis·</span> 
     </span>
     <span class='ocr_line' id='line_1_12' title="bbox 161 1182 1145 1258; baseline -0.002 -14"><span class='ocrx_word' id='word_1_86' title='bbox 161 1184 228 1244; x_wconf 90' lang='lat' dir='ltr'>simi</span> <span class='ocrx_word' id='word_1_87' title='bbox 244 1184 303 1245; x_wconf 92' lang='lat' dir='ltr'>sint</span> <span class='ocrx_word' id='word_1_88' title='bbox 318 1183 389 1244; x_wconf 83' lang='lat' dir='ltr'>ssavi</span> <span class='ocrx_word' id='word_1_89' title='bbox 402 1183 625 1258; x_wconf 88' lang='lat' dir='ltr'>rubentesque,</span> <span class='ocrx_word' id='word_1_90' title='bbox 649 1184 760 1256; x_wconf 90' lang='lat' dir='ltr'>quibus</span> <span class='ocrx_word' id='word_1_91' title='bbox 781 1182 849 1241; x_wconf 82' lang='lat' dir='ltr'>talis</span> <span class='ocrx_word' id='word_1_92' title='bbox 863 1189 970 1241; x_wconf 83' lang='lat' dir='ltr'>natura</span> <span class='ocrx_word' id='word_1_93' title='bbox 983 1183 1075 1242; x_wconf 88' lang='lat' dir='ltr'>color</span> <span class='ocrx_word' id='word_1_94' title='bbox 1089 1190 1145 1255; x_wconf 78' lang='lat' dir='ltr'>est,</span> 
     </span>
     <span class='ocr_line' id='line_1_13' title="bbox 161 1265 1145 1343; baseline 0 -16"><span class='ocrx_word' id='word_1_95' title='bbox 161 1269 260 1343; x_wconf 87' lang='lat' dir='ltr'>qualis</span> <span class='ocrx_word' id='word_1_96' title='bbox 276 1268 343 1328; x_wconf 87' lang='lat' dir='ltr'>lieri</span> <span class='ocrx_word' id='word_1_97' title='bbox 357 1269 467 1327; x_wconf 89' lang='lat' dir='ltr'>ceteris</span> <span class='ocrx_word' id='word_1_98' title='bbox 483 1270 560 1326; x_wconf 91' lang='lat' dir='ltr'>inter</span> <span class='ocrx_word' id='word_1_99' title='bbox 575 1269 649 1326; x_wconf 86' lang='lat' dir='ltr'>iram</span> <span class='ocrx_word' id='word_1_100' title='bbox 664 1269 751 1327; x_wconf 88' lang='lat' dir='ltr'>solet.</span> <span class='ocrx_word' id='word_1_101' title='bbox 773 1265 894 1324; x_wconf 89' lang='lat' dir='ltr'>mobilis</span> <span class='ocrx_word' id='word_1_102' title='bbox 907 1265 988 1324; x_wconf 85' lang='lat' dir='ltr'>eninr</span> <span class='ocrx_word' id='word_1_103' title='bbox 1002 1265 1065 1326; x_wconf 90' lang='lat' dir='ltr'>illis</span> <span class='ocrx_word' id='word_1_104' title='bbox 1082 1267 1145 1341; x_wconf 78' lang='lat' dir='ltr'>agi·</span> 
     </span>
     <span class='ocr_line' id='line_1_14' title="bbox 160 1352 513 1426; baseline -0.008 -14"><span class='ocrx_word' id='word_1_105' title='bbox 160 1360 301 1426; x_wconf 86' lang='lat' dir='ltr'>tatusque</span> <span class='ocrx_word' id='word_1_106' title='bbox 316 1352 442 1426; x_wconf 76' lang='lat' dir='ltr'>sanguis</span> <span class='ocrx_word' id='word_1_107' title='bbox 458 1360 513 1410; x_wconf 94' lang='grc' dir='ltr'><strong>εει.</strong></span> 
     </span>
    </p>

    <p class='ocr_par' dir='ltr' id='par_1_5' title="bbox 133 1432 1146 1924">
     <span class='ocr_line' id='line_1_15' title="bbox 133 1432 1144 1508; baseline -0.001 -14"><span class='ocrx_word' id='word_1_108' title='bbox 133 1450 148 1500; x_wconf 84' lang='grc'>1</span> <span class='ocrx_word' id='word_1_109' title='bbox 221 1435 284 1494; x_wconf 89' lang='lat' dir='ltr'>XX.</span> <span class='ocrx_word' id='word_1_110' title='bbox 318 1434 379 1493; x_wconf 89' lang='lat' dir='ltr'>Sed</span> <span class='ocrx_word' id='word_1_111' title='bbox 403 1433 659 1508; x_wconf 85' lang='lat' dir='ltr'>quemadmodum</span> <span class='ocrx_word' id='word_1_112' title='bbox 680 1439 788 1491; x_wconf 81' lang='lat' dir='ltr'>natura</span> <span class='ocrx_word' id='word_1_113' title='bbox 813 1432 964 1506; x_wconf 87' lang='lat' dir='ltr'>quosdam</span> <span class='ocrx_word' id='word_1_114' title='bbox 987 1432 1144 1505; x_wconf 80' lang='lat' dir='ltr'>proclives</span> 
     </span>
     <span class='ocr_line' id='line_1_16' title="bbox 160 1514 1144 1590; baseline 0.001 -13"><span class='ocrx_word' id='word_1_115' title='bbox 160 1519 281 1578; x_wconf 84' lang='lat' dir='ltr'>inirem</span> <span class='ocrx_word' id='word_1_116' title='bbox 296 1516 381 1587; x_wconf 87' lang='lat' dir='ltr'>iacit,</span> <span class='ocrx_word' id='word_1_117' title='bbox 398 1517 440 1576; x_wconf 90' lang='lat' dir='ltr'>ita</span> <span class='ocrx_word' id='word_1_118' title='bbox 455 1519 567 1575; x_wconf 75' lang='lat' dir='ltr'>miritae</span> <span class='ocrx_word' id='word_1_119' title='bbox 581 1517 718 1577; x_wconf 89' lang='lat' dir='ltr'>incidunt</span> <span class='ocrx_word' id='word_1_120' title='bbox 732 1531 860 1589; x_wconf 84' lang='lat' dir='ltr'>causae,</span> <span class='ocrx_word' id='word_1_121' title='bbox 876 1531 956 1590; x_wconf 87' lang='lat' dir='ltr'>quae</span> <span class='ocrx_word' id='word_1_122' title='bbox 970 1514 1054 1574; x_wconf 91' lang='lat' dir='ltr'>idem</span> <span class='ocrx_word' id='word_1_123' title='bbox 1069 1532 1144 1590; x_wconf 92' lang='lat' dir='ltr'>pos·</span> 
     </span>
     <span class='ocr_line' id='line_1_17' title="bbox 161 1598 1144 1674; baseline -0.003 -13"><span class='ocrx_word' id='word_1_124' title='bbox 161 1603 220 1661; x_wconf 91' lang='lat' dir='ltr'>sint</span> <span class='ocrx_word' id='word_1_125' title='bbox 236 1600 319 1674; x_wconf 88' lang='lat' dir='ltr'>quod</span> <span class='ocrx_word' id='word_1_126' title='bbox 337 1607 457 1659; x_wconf 77' lang='lat' dir='ltr'>natura:</span> <span class='ocrx_word' id='word_1_127' title='bbox 478 1598 555 1664; x_wconf 84' lang='lat' dir='ltr'>alios</span> <span class='ocrx_word' id='word_1_128' title='bbox 576 1599 701 1659; x_wconf 89' lang='lat' dir='ltr'>morbus</span> <span class='ocrx_word' id='word_1_129' title='bbox 725 1606 777 1658; x_wconf 88' lang='lat' dir='ltr'>eut</span> <span class='ocrx_word' id='word_1_130' title='bbox 796 1599 905 1658; x_wconf 86' lang='lat' dir='ltr'>iniuria</span> <span class='ocrx_word' id='word_1_131' title='bbox 925 1614 1094 1672; x_wconf 89' lang='lat' dir='ltr'>corporum</span> <span class='ocrx_word' id='word_1_132' title='bbox 1115 1600 1144 1658; x_wconf 90' lang='lat' dir='ltr'>iu</span> 
     </span>
     <span class='ocr_line' id='line_1_18' title="bbox 160 1682 1144 1757; baseline 0 -13"><span class='ocrx_word' id='word_1_133' title='bbox 160 1685 219 1744; x_wconf 92' lang='lat' dir='ltr'>hoc</span> <span class='ocrx_word' id='word_1_134' title='bbox 234 1683 392 1757; x_wconf 85' lang='lat' dir='ltr'>perduxit,</span> <span class='ocrx_word' id='word_1_135' title='bbox 413 1683 490 1742; x_wconf 88' lang='lat' dir='ltr'>alios</span> <span class='ocrx_word' id='word_1_136' title='bbox 506 1683 659 1742; x_wconf 87' lang='lat' dir='ltr'>laborant</span> <span class='ocrx_word' id='word_1_137' title='bbox 678 1683 821 1742; x_wconf 85' lang='lat' dir='ltr'>continue</span> <span class='ocrx_word' id='word_1_138' title='bbox 841 1682 1000 1756; x_wconf 85' lang='lat' dir='ltr'>pervigilia</span> <span class='ocrx_word' id='word_1_139' title='bbox 1020 1690 1144 1743; x_wconf 83' lang='lat' dir='ltr'>noctes·</span> 
     </span>
     <span class='ocr_line' id='line_1_19' title="bbox 162 1765 1146 1842; baseline -0.001 -15"><span class='ocrx_word' id='word_1_140' title='bbox 162 1784 221 1842; x_wconf 88' lang='lat' dir='ltr'>que</span> <span class='ocrx_word' id='word_1_141' title='bbox 237 1765 384 1826; x_wconf 85' lang='lat' dir='ltr'>sollicitae</span> <span class='ocrx_word' id='word_1_142' title='bbox 399 1773 429 1824; x_wconf 87' lang='lat' dir='ltr'>et</span> <span class='ocrx_word' id='word_1_143' title='bbox 443 1765 597 1825; x_wconf 89' lang='lat' dir='ltr'>desideria</span> <span class='ocrx_word' id='word_1_144' title='bbox 611 1782 802 1839; x_wconf 86' lang='lat' dir='ltr'>amoresque.</span> <span class='ocrx_word' id='word_1_145' title='bbox 837 1765 981 1841; x_wconf 88' lang='lat' dir='ltr'>quicquid</span> <span class='ocrx_word' id='word_1_146' title='bbox 997 1765 1083 1826; x_wconf 88' lang='lat' dir='ltr'>aliud</span> <span class='ocrx_word' id='word_1_147' title='bbox 1095 1772 1146 1826; x_wconf 86' lang='lat' dir='ltr'>eut</span> 
     </span>
     <span class='ocr_line' id='line_1_20' title="bbox 161 1848 1144 1924; baseline -0.001 -15"><span class='ocrx_word' id='word_1_148' title='bbox 161 1850 283 1924; x_wconf 87' lang='lat' dir='ltr'>corpori</span> <span class='ocrx_word' id='word_1_149' title='bbox 297 1849 401 1909; x_wconf 86' lang='lat' dir='ltr'>nocuit</span> <span class='ocrx_word' id='word_1_150' title='bbox 415 1856 467 1908; x_wconf 87' lang='lat' dir='ltr'>aut</span> <span class='ocrx_word' id='word_1_151' title='bbox 481 1849 589 1921; x_wconf 86' lang='lat' dir='ltr'>animo,</span> <span class='ocrx_word' id='word_1_152' title='bbox 605 1864 727 1922; x_wconf 85' lang='lat' dir='ltr'>aegram</span> <span class='ocrx_word' id='word_1_153' title='bbox 741 1857 869 1908; x_wconf 89' lang='lat' dir='ltr'>mentem</span> <span class='ocrx_word' id='word_1_154' title='bbox 884 1849 914 1906; x_wconf 93' lang='lat' dir='ltr'>in</span> <span class='ocrx_word' id='word_1_155' title='bbox 929 1848 1076 1921; x_wconf 85' lang='lat' dir='ltr'>querelas</span> <span class='ocrx_word' id='word_1_156' title='bbox 1092 1865 1144 1924; x_wconf 86' lang='lat' dir='ltr'>pe-</span> 
     </span>
    </p>

    <p class='ocr_par' dir='ltr' id='par_1_6' title="bbox 132 1931 1154 2506">
     <span class='ocr_line' id='line_1_21' title="bbox 132 1931 1143 2007; baseline -0.001 -14"><span class='ocrx_word' id='word_1_157' title='bbox 132 1940 216 1994; x_wconf 69' lang='lat' dir='ltr'>irat.</span> <span class='ocrx_word' id='word_1_158' title='bbox 249 1932 311 1991; x_wconf 90' lang='lat' dir='ltr'>Sed</span> <span class='ocrx_word' id='word_1_159' title='bbox 327 1931 429 1991; x_wconf 86' lang='lat' dir='ltr'>omnia</span> <span class='ocrx_word' id='word_1_160' title='bbox 442 1933 500 1992; x_wconf 87' lang='lat' dir='ltr'>ista</span> <span class='ocrx_word' id='word_1_161' title='bbox 515 1932 597 1991; x_wconf 88' lang='lat' dir='ltr'>initia</span> <span class='ocrx_word' id='word_1_162' title='bbox 607 1947 784 2006; x_wconf 86' lang='lat' dir='ltr'>causaeque</span> <span class='ocrx_word' id='word_1_163' title='bbox 795 1940 882 1992; x_wconf 76' lang='lat' dir='ltr'>sunt:</span> <span class='ocrx_word' id='word_1_164' title='bbox 897 1931 1061 2006; x_wconf 83' lang='lat' dir='ltr'>plurimum</span> <span class='ocrx_word' id='word_1_165' title='bbox 1075 1939 1143 2007; x_wconf 88' lang='lat' dir='ltr'>pot·</span> 
     </span>
     <span class='ocr_line' id='line_1_22' title="bbox 162 2014 1144 2089; baseline 0.001 -15"><span class='ocrx_word' id='word_1_166' title='bbox 162 2024 209 2076; x_wconf 89' lang='lat' dir='ltr'>cst</span> <span class='ocrx_word' id='word_1_167' title='bbox 224 2015 429 2089; x_wconf 89' lang='lat' dir='ltr'>consuetudo,</span> <span class='ocrx_word' id='word_1_168' title='bbox 453 2030 532 2089; x_wconf 86' lang='lat' dir='ltr'>quae</span> <span class='ocrx_word' id='word_1_169' title='bbox 552 2015 579 2074; x_wconf 91' lang='lat' dir='ltr'>si</span> <span class='ocrx_word' id='word_1_170' title='bbox 594 2017 696 2088; x_wconf 75' lang='lat' dir='ltr'>gravis</span> <span class='ocrx_word' id='word_1_171' title='bbox 711 2022 774 2086; x_wconf 91' lang='lat' dir='ltr'>est,</span> <span class='ocrx_word' id='word_1_172' title='bbox 795 2015 847 2075; x_wconf 88' lang='lat' dir='ltr'>elit</span> <span class='ocrx_word' id='word_1_173' title='bbox 862 2014 974 2074; x_wconf 90' lang='lat' dir='ltr'>vitium.</span> <span class='ocrx_word' id='word_1_174' title='bbox 996 2014 1144 2075; x_wconf 84' lang='lat' dir='ltr'>Naturam</span> 
     </span>
     <span class='ocr_line' id='line_1_23' title="bbox 162 2097 1144 2174; baseline -0.002 -14"><span class='ocrx_word' id='word_1_175' title='bbox 162 2098 286 2174; x_wconf 89' lang='lat' dir='ltr'>quidem</span> <span class='ocrx_word' id='word_1_176' title='bbox 300 2105 415 2159; x_wconf 85' lang='lat' dir='ltr'>mutare</span> <span class='ocrx_word' id='word_1_177' title='bbox 430 2098 554 2158; x_wconf 79' lang='lat' dir='ltr'>difficile</span> <span class='ocrx_word' id='word_1_178' title='bbox 569 2107 624 2172; x_wconf 83' lang='lat' dir='ltr'>est,</span> <span class='ocrx_word' id='word_1_179' title='bbox 640 2115 697 2158; x_wconf 90' lang='lat' dir='ltr'>nec</span> <span class='ocrx_word' id='word_1_180' title='bbox 709 2099 779 2159; x_wconf 89' lang='lat' dir='ltr'>licet</span> <span class='ocrx_word' id='word_1_181' title='bbox 793 2099 888 2158; x_wconf 87' lang='lat' dir='ltr'>semel</span> <span class='ocrx_word' id='word_1_182' title='bbox 903 2097 997 2156; x_wconf 79' lang='lat' dir='ltr'>mixta</span> <span class='ocrx_word' id='word_1_183' title='bbox 1011 2113 1144 2158; x_wconf 87' lang='lat' dir='ltr'>nascen-</span> 
     </span>
     <span class='ocr_line' id='line_1_24' title="bbox 160 2181 1144 2255; baseline 0 -13"><span class='ocrx_word' id='word_1_184' title='bbox 160 2182 234 2242; x_wconf 86' lang='lat' dir='ltr'>tium</span> <span class='ocrx_word' id='word_1_185' title='bbox 250 2183 398 2242; x_wconf 88' lang='lat' dir='ltr'>elementa</span> <span class='ocrx_word' id='word_1_186' title='bbox 413 2190 601 2242; x_wconf 84' lang='lat' dir='ltr'>convertere.</span> <span class='ocrx_word' id='word_1_187' title='bbox 640 2183 744 2242; x_wconf 90' lang='lat' dir='ltr'>sedin</span> <span class='ocrx_word' id='word_1_188' title='bbox 764 2181 824 2243; x_wconf 92' lang='lat' dir='ltr'>hoc</span> <span class='ocrx_word' id='word_1_189' title='bbox 845 2195 938 2241; x_wconf 89' lang='lat' dir='ltr'>nosse</span> <span class='ocrx_word' id='word_1_190' title='bbox 954 2181 1089 2255; x_wconf 78' lang='lat' dir='ltr'>proluit,</span> <span class='ocrx_word' id='word_1_191' title='bbox 1112 2189 1144 2242; x_wconf 87' lang='lat' dir='ltr'>ut</span> 
     </span>
     <span class='ocr_line' id='line_1_25' title="bbox 162 2265 1154 2358; baseline -0.001 -32"><span class='ocrx_word' id='word_1_192' title='bbox 162 2265 331 2326; x_wconf 85' lang='lat' dir='ltr'>calentibus</span> <span class='ocrx_word' id='word_1_193' title='bbox 345 2266 474 2340; x_wconf 84' lang='lat' dir='ltr'>ingeniis</span> <span class='ocrx_word' id='word_1_194' title='bbox 490 2265 652 2326; x_wconf 85' lang='lat' dir='ltr'>subtrahas</span> <span class='ocrx_word' id='word_1_195' title='bbox 666 2265 786 2337; x_wconf 85' lang='lat' dir='ltr'>vinum,</span> <span class='ocrx_word' id='word_1_196' title='bbox 807 2266 890 2339; x_wconf 93' lang='lat' dir='ltr'>quod</span> <span class='ocrx_word' id='word_1_197' title='bbox 906 2265 1010 2339; x_wconf 87' lang='lat' dir='ltr'>pueris</span> <span class='ocrx_word' id='word_1_198' title='bbox 1026 2281 1154 2358; x_wconf 52' lang='lat' dir='ltr'>negem·</span> 
     </span>
     <span class='ocr_line' id='line_1_26' title="bbox 162 2347 1142 2425; baseline 0.001 -16"><span class='ocrx_word' id='word_1_199' title='bbox 162 2351 232 2410; x_wconf 93' lang='lat' dir='ltr'>dum</span> <span class='ocrx_word' id='word_1_200' title='bbox 246 2348 329 2410; x_wconf 89' lang='lat' dir='ltr'>Plato</span> <span class='ocrx_word' id='word_1_201' title='bbox 345 2356 431 2423; x_wconf 87' lang='lat' dir='ltr'>putet</span> <span class='ocrx_word' id='word_1_202' title='bbox 445 2356 475 2410; x_wconf 88' lang='lat' dir='ltr'>et</span> <span class='ocrx_word' id='word_1_203' title='bbox 488 2348 589 2423; x_wconf 80' lang='lat' dir='ltr'>iguem</span> <span class='ocrx_word' id='word_1_204' title='bbox 604 2354 686 2408; x_wconf 91' lang='lat' dir='ltr'>vetat</span> <span class='ocrx_word' id='word_1_205' title='bbox 700 2349 769 2422; x_wconf 84' lang='lat' dir='ltr'>igne</span> <span class='ocrx_word' id='word_1_206' title='bbox 783 2348 909 2408; x_wconf 88' lang='lat' dir='ltr'>incitari.</span> <span class='ocrx_word' id='word_1_207' title='bbox 932 2363 971 2406; x_wconf 90' lang='lat' dir='ltr'>ne</span> <span class='ocrx_word' id='word_1_208' title='bbox 983 2347 1061 2408; x_wconf 90' lang='lat' dir='ltr'>cibis</span> <span class='ocrx_word' id='word_1_209' title='bbox 1074 2348 1142 2425; x_wconf 90' lang='lat' dir='ltr'>qui·</span> 
     </span>
     <span class='ocr_line' id='line_1_27' title="bbox 161 2431 1143 2506; baseline 0.001 -16"><span class='ocrx_word' id='word_1_210' title='bbox 161 2433 231 2492; x_wconf 92' lang='lat' dir='ltr'>dem</span> <span class='ocrx_word' id='word_1_211' title='bbox 257 2434 391 2506; x_wconf 89' lang='lat' dir='ltr'>inplendi</span> <span class='ocrx_word' id='word_1_212' title='bbox 416 2433 485 2492; x_wconf 90' lang='lat' dir='ltr'>sint.</span> <span class='ocrx_word' id='word_1_213' title='bbox 519 2433 730 2493; x_wconf 90' lang='lat' dir='ltr'>distendentur</span> <span class='ocrx_word' id='word_1_214' title='bbox 751 2433 830 2490; x_wconf 88' lang='lat' dir='ltr'>enim</span> <span class='ocrx_word' id='word_1_215' title='bbox 852 2446 983 2505; x_wconf 85' lang='lat' dir='ltr'>corpora</span> <span class='ocrx_word' id='word_1_216' title='bbox 1003 2438 1036 2492; x_wconf 88' lang='grc' dir='ltr'><strong>ει</strong></span> <span class='ocrx_word' id='word_1_217' title='bbox 1048 2431 1143 2491; x_wconf 88' lang='lat' dir='ltr'>animi</span> 
     </span>
    </p>

    <p class='ocr_par' dir='ltr' id='par_1_7' title="bbox 131 2514 1145 2756">
     <span class='ocr_line' id='line_1_28' title="bbox 131 2514 1143 2588; baseline -0.003 -11"><span class='ocrx_word' id='word_1_218' title='bbox 131 2524 229 2577; x_wconf 71' lang='lat' dir='ltr'>tcum</span> <span class='ocrx_word' id='word_1_219' title='bbox 258 2530 387 2588; x_wconf 89' lang='lat' dir='ltr'>corpore</span> <span class='ocrx_word' id='word_1_220' title='bbox 413 2523 596 2574; x_wconf 89' lang='lat' dir='ltr'>tumescent:</span> <span class='ocrx_word' id='word_1_221' title='bbox 623 2516 710 2574; x_wconf 89' lang='lat' dir='ltr'>labor</span> <span class='ocrx_word' id='word_1_222' title='bbox 734 2515 802 2574; x_wconf 91' lang='lat' dir='ltr'>illos</span> <span class='ocrx_word' id='word_1_223' title='bbox 829 2516 903 2575; x_wconf 88' lang='lat' dir='ltr'>citra</span> <span class='ocrx_word' id='word_1_224' title='bbox 926 2514 1143 2575; x_wconf 87' lang='lat' dir='ltr'>lassitudinem</span> 
     </span>
     <span class='ocr_line' id='line_1_29' title="bbox 161 2597 1142 2669; baseline 0.003 -14"><span class='ocrx_word' id='word_1_225' title='bbox 161 2604 318 2666; x_wconf 85' lang='lat' dir='ltr'>exerceat,</span> <span class='ocrx_word' id='word_1_226' title='bbox 338 2604 372 2656; x_wconf 93' lang='lat' dir='ltr'>ut</span> <span class='ocrx_word' id='word_1_227' title='bbox 384 2597 550 2667; x_wconf 86' lang='lat' dir='ltr'>minuatur,</span> <span class='ocrx_word' id='word_1_228' title='bbox 566 2614 626 2656; x_wconf 94' lang='lat' dir='ltr'>non</span> <span class='ocrx_word' id='word_1_229' title='bbox 641 2604 675 2656; x_wconf 93' lang='lat' dir='ltr'>ut</span> <span class='ocrx_word' id='word_1_230' title='bbox 689 2606 884 2658; x_wconf 87' lang='lat' dir='ltr'>consumatur</span> <span class='ocrx_word' id='word_1_231' title='bbox 898 2599 996 2669; x_wconf 84' lang='lat' dir='ltr'>calor,</span> <span class='ocrx_word' id='word_1_232' title='bbox 1014 2597 1142 2658; x_wconf 86' lang='lat' dir='ltr'>nimius·</span> 
     </span>
     <span class='ocr_line' id='line_1_30' title="bbox 162 2679 1145 2756; baseline 0 -16"><span class='ocrx_word' id='word_1_233' title='bbox 162 2695 222 2753; x_wconf 89' lang='lat' dir='ltr'>que</span> <span class='ocrx_word' id='word_1_234' title='bbox 236 2679 286 2737; x_wconf 91' lang='lat' dir='ltr'>ille</span> <span class='ocrx_word' id='word_1_235' title='bbox 300 2681 402 2749; x_wconf 81' lang='lat' dir='ltr'>fervor</span> <span class='ocrx_word' id='word_1_236' title='bbox 415 2680 600 2754; x_wconf 62' lang='lat' dir='ltr'>despumet„</span> <span class='ocrx_word' id='word_1_237' title='bbox 622 2681 708 2740; x_wconf 90' lang='lat' dir='ltr'>lusus</span> <span class='ocrx_word' id='word_1_238' title='bbox 724 2696 849 2756; x_wconf 90' lang='lat' dir='ltr'>quoque</span> <span class='ocrx_word' id='word_1_239' title='bbox 864 2681 1042 2756; x_wconf 88' lang='lat' dir='ltr'>proderunt.</span> <span class='ocrx_word' id='word_1_240' title='bbox 1076 2696 1145 2740; x_wconf 53' lang='lat' dir='ltr'>mo⁴</span> 
     </span>
    </p>

    <p class='ocr_par' dir='ltr' id='par_1_8' title="bbox 132 2762 1142 3421">
     <span class='ocr_line' id='line_1_31' title="bbox 132 2762 1142 2839; baseline 0.001 -15"><span class='ocrx_word' id='word_1_241' title='bbox 132 2764 230 2824; x_wconf 86' lang='lat' dir='ltr'>4dica</span> <span class='ocrx_word' id='word_1_242' title='bbox 244 2762 324 2821; x_wconf 90' lang='lat' dir='ltr'>enim</span> <span class='ocrx_word' id='word_1_243' title='bbox 338 2763 480 2837; x_wconf 84' lang='lat' dir='ltr'>voluptas</span> <span class='ocrx_word' id='word_1_244' title='bbox 496 2763 579 2822; x_wconf 87' lang='lat' dir='ltr'>laxat</span> <span class='ocrx_word' id='word_1_245' title='bbox 593 2765 710 2823; x_wconf 89' lang='lat' dir='ltr'>animos</span> <span class='ocrx_word' id='word_1_246' title='bbox 727 2771 758 2823; x_wconf 91' lang='lat' dir='ltr'>et</span> <span class='ocrx_word' id='word_1_247' title='bbox 777 2772 934 2839; x_wconf 88' lang='lat' dir='ltr'>temperat.</span> <span class='ocrx_word' id='word_1_248' title='bbox 981 2764 1142 2825; x_wconf 87' lang='lat' dir='ltr'>Humidio-</span> 
     </span>
     <span class='ocr_line' id='line_1_32' title="bbox 159 2844 1142 2922; baseline 0.002 -17"><span class='ocrx_word' id='word_1_249' title='bbox 159 2847 243 2907; x_wconf 87' lang='lat' dir='ltr'>ribus</span> <span class='ocrx_word' id='word_1_250' title='bbox 265 2844 508 2922; x_wconf 88' lang='lat' dir='ltr'>siccioribusque</span> <span class='ocrx_word' id='word_1_251' title='bbox 523 2854 553 2906; x_wconf 92' lang='lat' dir='ltr'>et</span> <span class='ocrx_word' id='word_1_252' title='bbox 574 2847 689 2920; x_wconf 81' lang='lat' dir='ltr'>frigidis</span> <span class='ocrx_word' id='word_1_253' title='bbox 704 2864 766 2907; x_wconf 93' lang='lat' dir='ltr'>non</span> <span class='ocrx_word' id='word_1_254' title='bbox 782 2856 829 2909; x_wconf 90' lang='lat' dir='ltr'>est</span> <span class='ocrx_word' id='word_1_255' title='bbox 844 2848 882 2907; x_wconf 89' lang='lat' dir='ltr'>ab</span> <span class='ocrx_word' id='word_1_256' title='bbox 899 2846 1142 2922; x_wconf 67' lang='lat' dir='ltr'>superiectum,</span> 
     </span>
     <span class='ocr_line' id='line_1_33' title="bbox 161 2930 1142 3005; baseline 0.001 -15"><span class='ocrx_word' id='word_1_257' title='bbox 161 2931 218 2990; x_wconf 91' lang='lat' dir='ltr'>sed</span> <span class='ocrx_word' id='word_1_258' title='bbox 233 2930 349 2990; x_wconf 86' lang='lat' dir='ltr'>maiora</span> <span class='ocrx_word' id='word_1_259' title='bbox 361 2931 434 2991; x_wconf 86' lang='lat' dir='ltr'>vitia</span> <span class='ocrx_word' id='word_1_260' title='bbox 448 2931 612 2990; x_wconf 87' lang='lat' dir='ltr'>metuenda</span> <span class='ocrx_word' id='word_1_261' title='bbox 626 2938 704 3004; x_wconf 86' lang='lat' dir='ltr'>sunt,</span> <span class='ocrx_word' id='word_1_262' title='bbox 722 2940 858 3005; x_wconf 86' lang='lat' dir='ltr'>paveret</span> <span class='ocrx_word' id='word_1_263' title='bbox 869 2930 1034 2991; x_wconf 76' lang='lat' dir='ltr'>difficultas</span> <span class='ocrx_word' id='word_1_264' title='bbox 1045 2931 1142 2991; x_wconf 87' lang='lat' dir='ltr'>etde·</span> 
     </span>
     <span class='ocr_line' id='line_1_34' title="bbox 160 3014 1142 3089; baseline 0.001 -17"><span class='ocrx_word' id='word_1_265' title='bbox 160 3014 294 3088; x_wconf 86' lang='lat' dir='ltr'>speratio</span> <span class='ocrx_word' id='word_1_266' title='bbox 310 3023 339 3074; x_wconf 90' lang='lat' dir='ltr'>et</span> <span class='ocrx_word' id='word_1_267' title='bbox 354 3016 558 3089; x_wconf 86' lang='lat' dir='ltr'>suspiciones.</span> <span class='ocrx_word' id='word_1_268' title='bbox 591 3015 754 3075; x_wconf 85' lang='lat' dir='ltr'>mollienda</span> <span class='ocrx_word' id='word_1_269' title='bbox 768 3016 870 3088; x_wconf 87' lang='lat' dir='ltr'>itaque</span> <span class='ocrx_word' id='word_1_270' title='bbox 886 3014 1085 3089; x_wconf 76' lang='lat' dir='ltr'>fovendaque</span> <span class='ocrx_word' id='word_1_271' title='bbox 1096 3021 1142 3073; x_wconf 86' lang='lat' dir='ltr'>te-</span> 
     </span>
     <span class='ocr_line' id='line_1_35' title="bbox 159 3096 1142 3172; baseline 0.002 -18"><span class='ocrx_word' id='word_1_272' title='bbox 159 3096 200 3154; x_wconf 90' lang='lat' dir='ltr'>lia</span> <span class='ocrx_word' id='word_1_273' title='bbox 219 3097 341 3170; x_wconf 80' lang='lat' dir='ltr'>ingenia</span> <span class='ocrx_word' id='word_1_274' title='bbox 356 3106 387 3156; x_wconf 90' lang='lat' dir='ltr'>et</span> <span class='ocrx_word' id='word_1_275' title='bbox 405 3098 436 3156; x_wconf 90' lang='lat' dir='ltr'>in</span> <span class='ocrx_word' id='word_1_276' title='bbox 457 3098 600 3158; x_wconf 86' lang='lat' dir='ltr'>laetitiam</span> <span class='ocrx_word' id='word_1_277' title='bbox 625 3099 782 3158; x_wconf 85' lang='lat' dir='ltr'>evocanda</span> <span class='ocrx_word' id='word_1_278' title='bbox 806 3105 886 3157; x_wconf 80' lang='lat' dir='ltr'>sunt</span> <span class='ocrx_word' id='word_1_279' title='bbox 919 3105 957 3158; x_wconf 75' lang='grc' dir='ltr'>ει,</span> <span class='ocrx_word' id='word_1_280' title='bbox 973 3098 1049 3172; x_wconf 89' lang='lat' dir='ltr'>quia</span> <span class='ocrx_word' id='word_1_281' title='bbox 1071 3097 1142 3156; x_wconf 85' lang='lat' dir='ltr'>aliis</span> 
     </span>
     <span class='ocr_line' id='line_1_36' title="bbox 160 3180 1142 3249; baseline 0.002 -11"><span class='ocrx_word' id='word_1_282' title='bbox 160 3180 370 3249; x_wconf 80' lang='lat' dir='ltr'>contrairem,</span> <span class='ocrx_word' id='word_1_283' title='bbox 387 3182 453 3239; x_wconf 86' lang='lat' dir='ltr'>aliis</span> <span class='ocrx_word' id='word_1_284' title='bbox 469 3188 576 3240; x_wconf 88' lang='lat' dir='ltr'>contra</span> <span class='ocrx_word' id='word_1_285' title='bbox 593 3180 740 3240; x_wconf 88' lang='lat' dir='ltr'>tristitiam</span> <span class='ocrx_word' id='word_1_286' title='bbox 761 3180 904 3240; x_wconf 86' lang='lat' dir='ltr'>remediis</span> <span class='ocrx_word' id='word_1_287' title='bbox 927 3181 1071 3241; x_wconf 88' lang='lat' dir='ltr'>utendum</span> <span class='ocrx_word' id='word_1_288' title='bbox 1094 3186 1142 3240; x_wconf 89' lang='lat' dir='ltr'>est</span> 
     </span>
     <span class='ocr_line' id='line_1_37' title="bbox 159 3261 1140 3336; baseline 0.002 -16"><span class='ocrx_word' id='word_1_289' title='bbox 159 3277 215 3321; x_wconf 91' lang='lat' dir='ltr'>nec</span> <span class='ocrx_word' id='word_1_290' title='bbox 231 3261 440 3321; x_wconf 89' lang='lat' dir='ltr'>dissimillimis</span> <span class='ocrx_word' id='word_1_291' title='bbox 454 3270 568 3323; x_wconf 88' lang='lat' dir='ltr'>tantum</span> <span class='ocrx_word' id='word_1_292' title='bbox 584 3264 651 3336; x_wconf 86' lang='lat' dir='ltr'>ista,</span> <span class='ocrx_word' id='word_1_293' title='bbox 667 3265 725 3324; x_wconf 88' lang='lat' dir='ltr'>sed</span> <span class='ocrx_word' id='word_1_294' title='bbox 738 3264 898 3324; x_wconf 86' lang='lat' dir='ltr'>contrariis</span> <span class='ocrx_word' id='word_1_295' title='bbox 910 3264 1046 3324; x_wconf 84' lang='lat' dir='ltr'>curanda</span> <span class='ocrx_word' id='word_1_296' title='bbox 1056 3271 1140 3335; x_wconf 87' lang='lat' dir='ltr'>sunt,</span> 
     </span>
     <span class='ocr_line' id='line_1_38' title="bbox 160 3344 820 3421; baseline 0.002 -16"><span class='ocrx_word' id='word_1_297' title='bbox 160 3361 284 3421; x_wconf 89' lang='lat' dir='ltr'>semper</span> <span class='ocrx_word' id='word_1_298' title='bbox 298 3344 326 3406; x_wconf 90' lang='lat' dir='ltr'>ei</span> <span class='ocrx_word' id='word_1_299' title='bbox 341 3361 536 3407; x_wconf 87' lang='lat' dir='ltr'>occurremus</span> <span class='ocrx_word' id='word_1_300' title='bbox 553 3349 636 3420; x_wconf 88' lang='lat' dir='ltr'>quod</span> <span class='ocrx_word' id='word_1_301' title='bbox 650 3348 820 3408; x_wconf 88' lang='lat' dir='ltr'>increverit.</span> 
     </span>
    </p>

    <p class='ocr_par' dir='ltr' id='par_1_9' title="bbox 131 3428 1140 3506">
     <span class='ocr_line' id='line_1_39' title="bbox 131 3428 1140 3506; baseline 0.001 -17"><span class='ocrx_word' id='word_1_302' title='bbox 131 3436 147 3489; x_wconf 93' lang='lat'>1</span> <span class='ocrx_word' id='word_1_303' title='bbox 219 3429 296 3490; x_wconf 85' lang='lat' dir='ltr'><strong>XXI.</strong></span> <span class='ocrx_word' id='word_1_304' title='bbox 327 3429 505 3504; x_wconf 86' lang='lat' dir='ltr'>Plurimum,</span> <span class='ocrx_word' id='word_1_305' title='bbox 527 3430 667 3506; x_wconf 89' lang='lat' dir='ltr'>inquam,</span> <span class='ocrx_word' id='word_1_306' title='bbox 688 3432 825 3506; x_wconf 82' lang='lat' dir='ltr'>proderit</span> <span class='ocrx_word' id='word_1_307' title='bbox 842 3447 956 3506; x_wconf 89' lang='lat' dir='ltr'>pueros</span> <span class='ocrx_word' id='word_1_308' title='bbox 972 3428 1075 3493; x_wconf 81' lang='lat' dir='ltr'>stetim</span> <span class='ocrx_word' id='word_1_309' title='bbox 1089 3445 1140 3490; x_wconf 88' lang='lat' dir='ltr'>sa·</span> 
     </span>
    </p>
   </div>
   <div class='ocr_carea' id='block_1_4' title="bbox 0 0 1194 3856">
    <p class='ocr_par' dir='ltr' id='par_1_10' title="bbox 0 0 1194 3856">
     <span class='ocr_line' id='line_1_40' title="bbox 0 0 1194 3856; baseline 0 1"><span class='ocrx_word' id='word_1_310' title='bbox 0 0 1194 3856; x_wconf 95' lang='lat' dir='ltr'> </span> 
     </span>
    </p>
   </div>
  </div>
 </body>
</html>
