2378 3856
111 200 152 266 48
402 200 432 258 L.
453 197 598 258 aunam
621 195 798 256 SENECAE

110 360 162 413 net
176 348 375 420 verecundia,
390 347 471 406 burro
488 345 699 421 peregrinatio,
713 344 795 404 bunc
810 343 908 417 dolor,
923 343 1009 405 bunc
1022 359 1094 420 ege·

83 442 190 508 astas,
211 434 292 493 bunc
307 432 429 490 ierrum.
452 430 572 504 Itaque,
593 428 651 489 etsi
666 443 813 502 perversa
828 427 987 488 induenda
1000 428 1095 504 megi·

111 517 217 579 stratui
229 513 323 575 vestis
334 522 366 574 et
376 513 578 574 convocanda
589 513 720 573 classico
732 511 840 573 concio
853 519 909 585 est,
926 511 1095 587 procedam

112 604 141 660 in
159 599 287 660 tribunat
303 614 363 658 non
380 600 484 659 furens
501 612 558 657 nec
572 596 718 664 infestus,
735 596 792 655 sed
809 596 892 655 voitu
906 594 986 669 legis
1001 602 1033 656 et
1046 595 1096 657 iiia

112 683 271 744 sollemnia
289 682 384 741 verba
405 682 464 741 ieni
485 681 582 755 magis
602 678 751 754 gravique
773 694 864 753 quam
885 678 996 737 rabida
1016 693 1095 739 voce

113 766 284 840 concipiam
298 773 329 824 et
342 766 391 839 agi
406 765 517 824 iubebo
533 779 594 823 non
610 764 720 834 iratus,
740 762 796 821 sed
811 777 949 821 severus.
979 770 1012 822 et
1025 776 1096 823 cum

113 851 262 910 cervicem
284 848 377 909 noxio
399 848 555 922 imperabo
578 846 712 921 praecidi
734 852 847 905 etcum
862 845 1036 920 parricidas
1051 846 1096 905 iu-

113 950 199 995 suam
214 935 302 993 euieo
322 940 353 991 et
373 946 441 991 cum
460 931 573 991 mittam
594 931 622 989 in
639 928 822 1005 supplicium
839 929 965 988 mititare
980 936 1097 989 etcum

111 1016 241 1091 Tarpeio
262 1014 448 1089 proditorem
475 1014 634 1073 hostemve
655 1012 809 1087 pubiicum
837 1014 1000 1087 inponam,
1028 1012 1097 1073 siue

113 1101 157 1158 ira
172 1114 209 1159 eo
224 1100 310 1158 voitu
323 1099 485 1170 animoque
501 1112 570 1169 ero,
587 1113 648 1172 quo
664 1103 824 1170 serpentes
839 1104 870 1156 et
883 1096 1028 1156 animalia
1043 1112 1095 1155 ve·

84 1189 222 1245 o'nenota
244 1180 390 1256 percutio.
432 1181 618 1254 „iracundia
639 1197 718 1254 opus
740 1186 787 1239 est
806 1179 846 1239 ad
866 1179 1071 1255 puniendum.
1079 1185 1097 1213 “

114 1266 212 1340 buida
226 1266 279 1326 tibi
295 1268 344 1324 iex
359 1264 477 1324 videtur
492 1265 582 1324 irasci
596 1265 643 1336 iis,
658 1280 736 1339 quos
752 1279 812 1324 non
828 1262 920 1337 novit,
936 1278 1019 1338 quos
1034 1279 1097 1324 non

112 1349 196 1422 vidit,
213 1366 292 1424 quos
307 1365 367 1408 non
384 1350 501 1408 tuturos
518 1354 643 1424 sperat?
656 1348 736 1408 iilius
751 1348 854 1420 itaque
866 1347 1038 1408 sumendus
1049 1355 1098 1407 est

113 1435 247 1504 animus,
265 1448 344 1508 quae
359 1447 420 1490 non
436 1432 593 1506 irascitur,
615 1431 672 1491 sed
687 1429 852 1492 constituit
882 1446 952 1489 nam
968 1431 996 1490 ai
1011 1429 1096 1491 bouo

113 1517 179 1575 viro
196 1516 235 1575 ob
251 1516 330 1575 mala
346 1514 481 1574 facinora
495 1515 585 1575 irasci
602 1515 757 1588 convenit,
775 1523 805 1574 et
818 1514 858 1574 ob
874 1515 1031 1574 secundas
1045 1530 1097 1574 res

114 1600 261 1658 maiorum
275 1598 430 1658 hominum
444 1599 580 1658 invidere
597 1598 766 1658 conveniet.
795 1598 963 1673 quidecim
984 1605 1034 1658 est
1054 1599 1097 1657 in·

114 1682 235 1756 dignius
252 1698 343 1757 quam
358 1680 469 1741 florere
483 1681 633 1756 quosdam
645 1688 675 1741 et
686 1696 741 1742 eos
757 1681 943 1756 indulgentia
954 1682 1098 1742 fortunae

114 1766 204 1840 abuti,
221 1766 332 1841 quibus
349 1765 430 1825 nulia
444 1773 546 1841 potest
560 1765 634 1824 satis
646 1766 725 1823 nraia
737 1765 864 1825 inveniri
876 1766 1020 1825 fortunat
1034 1762 1098 1825 Sed

116 1856 175 1907 tam
191 1849 352 1909 commoda
373 1848 491 1909 illorum
514 1847 580 1907 sine
600 1847 714 1906 invidia
728 1848 843 1909 videbit
863 1864 954 1923 quam
976 1850 1099 1911 scelera

86 1933 101 1987 7
116 1932 181 1990 sine
196 1933 249 1991 ira.
272 1933 377 1992 Bonus
392 1932 485 1993 iudex
497 1933 619 1992 damnat
632 1931 837 2005 inprobanda,
854 1947 914 1991 non
926 1930 1003 1991 odit.
1017 1931 1097 2005 Quid

116 2022 210 2088 ergot
231 2031 307 2087 non,
330 2031 398 2074 cum
413 2016 564 2075 eiusmodi
579 2014 694 2090 aliquid
709 2017 833 2091 sapiens
849 2014 972 2075 babebit
986 2015 1018 2073 in
1034 2031 1096 2074 ma·

117 2098 221 2171 nibus,
250 2105 390 2173 tangetur
411 2097 529 2160 animus
556 2099 623 2159 eius
644 2098 762 2173 eritque
783 2100 873 2161 solito
895 2099 1098 2159 commotior?

115 2180 234 2241 Fateor.
257 2183 366 2242 sentiet
380 2183 476 2242 levem
493 2184 655 2258 quemdam
670 2190 852 2258 tenuemque
866 2190 991 2242 motum.
1016 2198 1095 2254 nam,

115 2273 149 2325 ut
163 2265 236 2327 dicit
249 2267 369 2340 Zenon,
386 2271 417 2327 in
433 2270 574 2342 sapientis
588 2283 701 2342 quoque
715 2270 828 2342 animo,
849 2269 935 2327 etium
948 2283 1018 2326 cum
1033 2270 1098 2327 vol-

116 2368 171 2410 nus
184 2358 320 2412 sommum
333 2357 389 2424 est,
410 2355 539 2412 matrix
551 2359 657 2412 munet.
687 2350 803 2411 Sentiet
823 2352 926 2425 itaque
941 2350 1097 2424 suspicio-

117 2450 172 2493 nes
187 2436 336 2508 quasdam
349 2442 379 2494 et
391 2436 515 2495 umbras
531 2437 719 2495 adfectuum:
738 2436 814 2508 ipsis
831 2434 954 2508 quidem
970 2433 1097 2493 carebit.

90 2529 105 2579 1
180 2517 273 2575 XVII.
301 2519 481 2578 Aristoteles
504 2519 545 2577 ait
563 2519 700 2590 adfectus
722 2520 879 2592 quosdam,
906 2520 935 2576 ri
952 2520 1019 2592 pub
1038 2519 1099 2577 iilis

117 2601 318 2672 dementatur,
334 2616 395 2674 pro
416 2604 507 2660 armis
525 2619 596 2661 esse.
626 2601 710 2675 quod
732 2617 837 2660 verum
857 2602 949 2672 foret,
972 2601 999 2660 si
1016 2601 1099 2659 veiut

116 2682 226 2751 bellica
241 2684 439 2743 instrumenta
454 2686 532 2743 sumi
547 2685 722 2758 deponique
736 2692 865 2759 possent
879 2683 1033 2744 induentis
1048 2699 1097 2742 ar·

116 2765 216 2824 bitrio.
243 2767 326 2825 Haec
347 2781 431 2825 arma
452 2782 531 2841 quae
546 2768 726 2828 Aristoteles
744 2768 843 2828 virtuti
862 2769 927 2840 dat,
949 2767 1020 2842 ipsa
1040 2781 1099 2842 per

118 2864 152 2908 se
163 2855 308 2924 pugnant,
320 2866 380 2909 non
392 2858 572 2925 exspectant
583 2867 713 2924 manum,
726 2859 755 2911 et
769 2851 889 2924 habent,
907 2866 968 2910 uon
981 2849 1098 2910 haben-

88 2939 172 2992 dtur.
195 2934 240 2994 Nii
255 2935 321 2993 aliis
337 2934 543 2995 instrumentis
559 2952 637 3010 opus
652 2942 713 2995 est:
730 2934 804 2994 satis
816 2951 874 2996 nos
890 2934 1034 2996 instruxit
1047 2949 1097 2993 ra·

117 3017 198 3079 tione
214 3025 329 3077 natura.
351 3019 410 3078 hoc
426 3019 510 3079 dedit
523 3019 627 3092 telum,
644 3019 777 3092 firmum,
794 3026 989 3094 perpetuum,
1007 3017 1098 3077 obse-

119 3116 231 3173 quens,
253 3116 310 3159 nec
330 3117 445 3175 anceps
466 3118 523 3162 nec
537 3103 621 3176 quod
641 3103 671 3161 in
686 3102 840 3163 dominum
855 3103 962 3164 remitti
976 3108 1097 3177 posset.

117 3183 184 3242 Non
206 3184 245 3242 ad
266 3184 488 3256 providendum
509 3191 638 3259 tantum,
661 3186 718 3245 sed
732 3187 771 3247 ad
787 3203 837 3246 res
853 3187 1006 3260 gerendas
1022 3185 1099 3245 satis

118 3273 166 3326 est
180 3282 236 3341 per
251 3281 286 3325 se
300 3265 369 3341 ipsa
383 3269 469 3327 ratio.
499 3269 609 3328 etenim
624 3270 698 3344 quid
713 3276 760 3330 est
774 3270 894 3331 stultius
911 3285 1003 3345 quam
1017 3269 1098 3328 hanc

119 3352 156 3410 ab
172 3350 328 3409 iracundia
343 3359 446 3427 petere
462 3351 661 3426 praesidium,
684 3369 747 3413 rem
763 3353 902 3415 stabilem
919 3354 957 3413 ab
972 3353 1099 3426 incerta,

89 3432 238 3493 ofidelem
254 3434 291 3494 ab
306 3434 414 3509 infida,
433 3451 537 3496 sanam
554 3437 592 3496 ab
605 3445 718 3512 aegrae
740 3437 832 3512 Quid,
849 3437 933 3511 quod
949 3437 988 3496 ad
1004 3436 1099 3498 actio·
