2378 3856
297 215 344 275 uli
368 214 585 275 CLEMENTIA
609 214 715 273 ilat.
738 223 834 277 5-6.
995 212 1057 281 281

88 368 228 442 toquein
245 367 360 426 maiore
374 367 648 442 materiaadparet.
686 368 865 441 Quantulum
877 369 1059 429 enimnocet

88 451 210 527 privata
226 449 412 509 crudelitas?
439 449 609 524 principum
624 451 751 510 saevitia
764 451 876 511 bellum
893 459 949 512 est
985 452 1058 514 Cum
1072 458 1090 511 3

89 532 365 598 autemvirtutibus
379 533 457 593 inter
471 549 506 594 se
520 534 559 592 sit
574 533 738 596 concordia
751 548 808 593 nee
818 535 880 595 ulla
891 534 987 595 altera
996 549 1058 595 me·

88 617 147 677 lior
165 626 216 677 aut
234 616 391 676 honestior
405 616 464 689 sit,
496 616 644 690 quaedam
665 624 764 677 tamen
786 617 969 691 quibusdam
990 633 1058 694 per·

89 700 176 762 sonis
188 697 288 774 aptior
298 706 358 758 est:
381 700 470 759 decet
478 699 706 774 magnanimitas
718 700 882 774 quemlibet
893 705 1059 775 mortalem,

89 785 180 843 etiam
197 782 294 855 illum,
314 782 394 842 inira
409 788 502 856 quem
514 782 586 842 nibil
608 790 663 842 εει.
692 784 765 858 quid
786 784 866 843 enim
889 785 987 844 maius
1008 791 1060 844 aut

81 865 198 933 ,lortius
220 882 311 940 quam
334 867 442 924 malam
465 865 616 927 fortunam
640 867 825 926 retunderet
856 866 932 927 haeo
960 874 1059 927 tamen

91 949 346 1024 [magnanimitas]
369 950 399 1007 in
420 948 502 1009 buna
524 950 645 1009 fortuna
669 949 816 1009 laxiorem
844 950 945 1010 locum
969 949 1061 1010 habet

88 1033 261 1107 meliusque
281 1032 311 1090 in
331 1031 472 1092 tribunali
493 1038 584 1106 quam
604 1034 633 1090 in
657 1033 748 1107 plano
764 1033 959 1108 conspicitur.
996 1033 1091 1098 Cle-l

90 1116 203 1174 mentia
222 1116 252 1174 in
270 1131 493 1190 quamcumque
511 1117 634 1176 domum
649 1117 836 1190 pervenerit,
859 1132 927 1176 eam
942 1117 1060 1177 ielioem

90 1200 344 1281 tranquillamque
365 1199 545 1273 praestabit,
574 1198 631 1257 sed
647 1198 677 1256 in
692 1197 777 1271 regia
793 1215 855 1273 quo
881 1201 993 1273 rarior,
1020 1216 1057 1260 eo

91 1280 263 1341 mirabilior.
290 1282 364 1356 quid
376 1282 456 1341 enim
470 1289 518 1341 cst
531 1279 756 1341 memorabilius
772 1298 863 1356 quam
878 1283 1059 1356 eum,·cuius

91 1367 155 1425 irae
172 1364 243 1424 nihil
259 1364 373 1437 obstat,
396 1363 483 1424 cuius
497 1363 630 1438 graviori
645 1365 812 1424 sententiae
829 1365 889 1439 ipsi
906 1365 957 1438 qui
973 1377 1059 1439 pere-

88 1455 147 1508 nnt
161 1448 385 1523 adsentiuntur,
408 1463 498 1523 quem
515 1463 604 1508 nemo
619 1447 861 1522 interpellaturus
875 1455 937 1522 est,
958 1446 1059 1521 immo,

87 1532 119 1591 si
146 1531 354 1592 vehementius
382 1531 565 1605 excanduit,
599 1546 656 1590 nec
681 1531 902 1605 deprecaturus
928 1532 1059 1606 quidem,

91 1616 194 1690 ipsum
210 1615 268 1675 sibi
283 1630 404 1675 manum
418 1614 532 1674 inicere
546 1622 575 1674 et
588 1620 740 1688 potestate
754 1616 854 1674 suain
872 1616 980 1674 melius
996 1616 1059 1689 pla·

93 1697 255 1774 eidiusque
275 1700 333 1771 uti,
363 1697 422 1758 boo
442 1699 544 1772 ipsum
566 1697 761 1771 cogitantem=
791 1698 933 1757 occidere
956 1703 1061 1757 contra

92 1783 192 1856 legem
206 1797 296 1842 nemu
312 1797 372 1841 non
388 1786 504 1855 potest,
527 1794 651 1854 servare
667 1795 755 1841 nemo
771 1788 891 1854 praeter
905 1795 963 1840 me.
998 1780 1060 1839 blla-
1076 1789 1093 1842 5

93 1868 184 1940 g‘nam
199 1865 348 1925 iununam
364 1880 492 1938 magnus
504 1865 622 1924 animus
633 1864 735 1939 decet,
752 1865 804 1938 qui
815 1863 874 1924 nisi
886 1880 920 1924 se
930 1863 969 1922 ad
980 1864 1061 1924 illam

94 1949 202 2009 extulit
219 1956 248 2007 et
268 1948 355 2008 altior
372 1949 466 2020 stetit,
490 1948 570 2006 illam
586 1964 710 2023 quoque
725 1948 803 2007 infra
818 1952 950 2020 [terram]
966 1947 1061 2009 dedu·

88 2032 143 2090 cit.
165 2030 266 2105 magni
278 2037 379 2091 autem
390 2030 481 2090 animi
493 2036 540 2090 est
551 2031 717 2106 proprium,
735 2030 886 2106 placidum
899 2045 970 2088 esse
984 2036 1062 2088 tran·

95 2115 282 2190 quillumque
296 2122 326 2173 et
340 2114 465 2173 iniurias
481 2112 732 2188 offensionesque
747 2128 881 2187 superne
892 2112 1061 2185 despicere.

93 2196 241 2259 Muliebre
263 2204 310 2257 est
330 2198 431 2257 furere
452 2197 483 2255 in
503 2195 562 2268 ira,
586 2197 717 2255 serarum
737 2211 811 2255 vero
833 2203 863 2254 et
879 2210 918 2254 ne
934 2209 1062 2269 genero-

95 2287 198 2340 sarum
206 2281 329 2356 quidem
341 2280 594 2354 praemordereet
603 2294 713 2353 urgere
723 2279 888 2353 proiectos.
910 2277 1063 2352 elephanti

94 2366 264 2438 leonesque
278 2369 450 2436 transeunt,
474 2378 554 2438 quae
570 2363 758 2437 inpulerant:
786 2361 928 2435 ignobilis
944 2361 1063 2421 bestiae

94 2445 262 2521 pertinacia
283 2453 339 2506 est.
376 2446 442 2507 Non
463 2446 552 2505 decet
575 2461 683 2520 regem·
698 2460 791 2505 saeva
812 2451 843 2504 et
867 2443 1095 2508 inexorabilisb

94 2532 149 2588 ira.
171 2546 232 2589 non
246 2531 371 2589 multum
386 2530 466 2589 enim
477 2544 571 2603 supra
583 2545 652 2589 eum
663 2529 780 2602 eminet,
797 2529 846 2587 cui
856 2544 891 2588 se
902 2527 1063 2588 irascendo

96 2619 263 2688 exaequata
291 2620 322 2671 at
341 2614 368 2673 si
388 2613 440 2672 dat
458 2611 565 2684 vitum,
589 2611 615 2672 si
637 2613 689 2671 dat
703 2611 878 2685 dignitatem
892 2611 1063 2686 periclitan-

88 2695 176 2754 tibus
197 2703 228 2755 et
247 2694 361 2755 meritis
378 2694 526 2768 amittere,
548 2696 618 2756 lucit
634 2695 717 2771 quod
732 2693 806 2756 nulli
821 2695 880 2755 nisi
893 2709 994 2755 rerum
1009 2707 1063 2768 po·

95 2778 170 2837 tenti
188 2777 266 2838 licet.
294 2780 356 2839 vita
374 2780 452 2837 euim
468 2777 557 2838 etiam
572 2780 722 2854 superiori
737 2778 877 2852 eripitur,
900 2790 1063 2850 numquam

95 2859 155 2919 nisi
169 2859 304 2921 inferiori
318 2862 414 2920 datur.
447 2858 577 2918 Servare
588 2861 744 2934 proprium
756 2866 803 2918 est
814 2857 990 2918 excellentis
1003 2857 1064 2916 lor·
1078 2860 1094 2916 7

94 2952 195 3003 tunae.
223 2961 302 3019 quae
323 2954 488 3016 numquam
508 2942 606 3016 magis
628 2941 744 3016 suspici
761 2940 866 3012 debet,
889 2955 980 3014 quam
995 2954 1064 2998 eum

94 3027 139 3085 illi
159 3026 284 3102 contigit
302 3028 382 3087 idem
403 3041 499 3101 posse
519 3025 602 3101 quod
623 3026 686 3097 dis,
712 3039 841 3098 qnorum
860 3021 1011 3081 beneficio
1032 3021 1062 3080 in

93 3110 194 3169 lucem
214 3111 331 3170 edimur
350 3116 411 3169 tam
430 3110 503 3169 boni
524 3124 616 3183 quam
636 3106 716 3167 mali.
745 3107 871 3167 deornm
889 3105 990 3180 itaque
1005 3103 1064 3164 sibi

85 3192 229 3253 *animum
249 3194 397 3252 adserens
428 3194 570 3267 princeps
597 3192 673 3250 alios
695 3206 734 3249 ex
757 3188 873 3248 civibus
890 3187 970 3262 suis,
993 3187 1064 3261 quia

93 3275 185 3336 utiles
199 3274 335 3349 bonique
350 3281 434 3348 sunt,
457 3276 555 3334 libens
571 3273 688 3347 videat,
704 3273 780 3333 alios
801 3274 830 3331 in
845 3286 1001 3331 numerum
1015 3283 1063 3327 re·
1111 3269 1150 3335 ῑ,

94 3358 221 3434 linquat.
245 3358 396 3432 quosdam
411 3372 482 3416 esse
496 3358 641 3430 gaudeat,
661 3357 812 3431 quosdam
830 3355 968 3428 patiatur.
1024 3392 1028 3400 .
1048 3405 1050 3412 ,

130 3434 136 3446 ’
157 3442 209 3502 vi.
233 3438 337 3515 Cogita
353 3444 420 3512 [te],
441 3440 472 3497 in
492 3439 550 3511 hae
566 3439 699 3510 civitate,
723 3440 751 3498 in
774 3452 834 3512 qua
850 3435 938 3497 turba
953 3449 1009 3510 per
1022 3433 1061 3496 la·
1076 3441 1091 3492 1
