2378 3854
137 217 193 276 AD
214 215 399 276 hinnelnln
420 214 470 275 DE
493 214 791 277 CONSOLATIONE.
813 226 932 281 13—16.
973 219 1034 283 125

61 368 101 429 dc
115 367 164 428 dis
180 366 335 450 neminem¹
346 365 442 440 queri.
463 365 602 426 Tiberius
614 366 727 428 Caesar
740 376 771 429 et
783 385 872 444 quem
888 382 1066 445 genuerats
1112 378 1119 387 ’

60 459 91 512 et
105 465 198 526 quem
213 449 420 524 adoptaverat,
437 447 544 524 amisit,
564 449 632 524 ipsc
646 457 745 511 umen
763 468 818 526 pro
840 452 950 515 rostris
971 454 1034 515 lau·

61 534 145 596 davit
158 533 254 615 hlium
276 533 417 608 stetitque
431 531 462 591 in
477 538 644 607 conspectu
665 535 767 608 posito
782 551 921 612 corpore,
943 539 1033 598 inter·

60 619 139 678 iecto
161 616 368 676 tantummodo
392 615 577 690 velamento,
606 617 690 691 quod
712 618 865 690 pontificis
888 621 1035 684 oculosa

61 701 309 772 funerearceret,
331 706 360 759 et
374 697 465 758 flente
485 701 601 774 populo
621 700 761 760 Romano
782 717 842 761 non
865 701 950 763 flexit
968 707 1034 766 vol·

60 792 133 845 tum.
156 782 377 859 experiendum
391 796 426 841 se
443 782 527 841 dedit
542 781 653 842 Seiano
667 783 707 842 ad
724 784 803 843 latus
823 786 921 856 stanti,
944 803 1035 861 quarn

60 866 210 943 patienter
225 871 332 941 posset
346 880 421 926 suos
436 865 576 939 perdere.
594 866 733 926 Videsne
754 875 867 942 quanta
881 869 972 943 copia
993 871 1067 929 vit

60 966 163 1011 rorum
177 948 377 1033 maximorum
392 948 439 1021 sit,
461 964 539 1023 quos
560 965 621 1011 non
636 950 758 1025 excepit
777 951 827 1012 hic
848 951 949 1011 omnia
963 968 1035 1028 prc-

62 1041 203 1094 sternens
217 1048 310 1093 casus
324 1038 355 1091 ct
375 1032 405 1090 in
421 1046 499 1106 quos
513 1039 559 1093 tot
572 1031 663 1092 animi
683 1033 773 1106 bona,
795 1041 839 1096 tot
858 1045 1035 1097 ornamenta

60 1116 185 1192 publice
195 1114 397 1191 privatimque
408 1125 554 1189 congesta
568 1116 741 1176 eranttscd
753 1117 894 1178 videlicet
907 1119 970 1179 itin
986 1136 1034 1180 or·

60 1199 130 1259 bem
145 1199 204 1258 ista
217 1205 384 1273 tempestas
399 1204 430 1257 et
449 1196 518 1257 sine
532 1200 651 1259 delectu
671 1205 772 1257 vastat
790 1199 891 1259 omnia
911 1201 1035 1278 agitque

61 1289 93 1343 ut
114 1299 182 1343 sua.
203 1283 286 1363 ,iube
306 1282 443 1356 singulos
465 1281 604 1342 conferre
624 1280 787 1341 rationem:
816 1283 888 1342 nulli
911 1285 1036 1358 contigit

61 1381 177 1442 inpune
190 1364 286 1425 nascit

125 1449 204 1510 xvi.
224 1448 295 1509 Scio
312 1446 385 1523 quid
399 1448 499 1507 dicas:
528 1446 659 1520 „oblitus
674 1463 709 1508 es
725 1448 866 1508 feminam
880 1456 910 1509 te
925 1465 1035 1511 conso·
1052 1463 1066 1515 1

61 1533 125 1608 lari,
139 1532 277 1593 virorum
293 1531 389 1591 refers
403 1532 574 1606 exempla.“
606 1529 680 1604 Quis
694 1538 794 1592 autem
810 1532 886 1592 dixit
899 1541 1036 1593 naturam

61 1617 194 1691 maligne
218 1631 286 1676 cum
300 1613 496 1675 muliebribus
512 1613 641 1688 ingeniis
657 1614 760 1689 egisse
775 1622 805 1674 et
823 1616 949 1677 virtutes
970 1616 1035 1676 illa-

61 1715 126 1760 rum
141 1700 172 1758 in
188 1706 287 1759 artum
300 1697 486 1758 retraxisset
510 1712 566 1771 par
582 1697 650 1771 illis,
665 1697 737 1758 mihi
752 1700 853 1772 crede,
868 1698 964 1774 vigor,
981 1716 1036 1775 par

62 1784 101 1843 ad
115 1783 255 1852 honesta,
270 1780 369 1855 libeat,
385 1781 514 1840 facultas
534 1787 590 1840 cst
618 1782 755 1842 dolorem
776 1782 974 1856 laboremque
997 1798 1036 1840 ex

63 1881 172 1942 aequo,
195 1865 222 1926 si
243 1878 448 1936 consuevere,
471 1864 633 1938 patiuntur.
662 1865 695 1923 ln
718 1881 778 1940 qua
799 1864 882 1925 istud
902 1864 986 1940 urbe,
1006 1865 1069 1930 din

63 1950 144 2021 boni,
161 1948 336 2024 loquimur?
356 1949 386 2007 in
403 1962 464 2021 quo
477 1961 581 2021 regem
595 1948 739 2009 Romanis
757 1948 908 2023 capitibus
923 1947 1035 2009 Luere-

61 2033 101 2093 tia
122 2040 154 2093 ct
167 2033 280 2093 Brutus
296 2031 485 2090 deiecerunt:
506 2029 600 2090 Bruto
614 2032 779 2092 libertatem
800 2031 957 2105 debemus,
979 2032 1037 2090 Lu-

63 2118 175 2178 cretiae
188 2115 325 2175 Brutum.
347 2115 377 2173 in
394 2130 455 2188 qua
469 2113 612 2173 Cloeliam
632 2121 805 2188 contempto
820 2116 908 2175 hoste
929 2121 959 2173 ct
980 2111 1037 2172 ilu-

63 2201 141 2261 mine
157 2199 198 2279 ob
213 2197 363 2275 insignem
378 2197 537 2257 audaciam
551 2203 665 2257 tantum
676 2212 738 2257 non
753 2198 784 2256 in
794 2199 879 2258 viros
895 2196 1037 2256 transcri-

63 2285 192 2358 psimus.
216 2282 351 2356 equestri
365 2281 502 2340 insidens
523 2287 641 2340 statuae
661 2282 690 2338 in
713 2295 802 2339 sacra
822 2280 881 2351 via,
903 2279 1038 2338 celeber-

63 2367 138 2428 rimo
155 2367 237 2437 loco,
253 2364 365 2425 Cloelia
387 2364 553 2437 exprobrat
566 2362 728 2422 iuvenibus
744 2362 858 2422 nostris
881 2359 1038 2436 pulvinum

10 2502 15 2509 .
64 2448 311 2521 escendentibus,
332 2448 362 2505 in
376 2463 413 2506 ea
427 2448 495 2507 illos
516 2446 593 2505 urbe
612 2443 657 2504 sic
679 2444 805 2520 ingredi,
829 2445 858 2503 in
878 2442 1039 2519 quaetiam

65 2534 194 2594 feminas
210 2547 292 2607 equo
304 2530 495 2591 donavimus.
518 2528 604 2602 Quod
622 2528 675 2587 tibi
691 2529 919 2603 siviscxempla
932 2528 1070 2597 referr13

10 2610 14 2619 '
64 2617 252 2690 feminarum,
265 2629 344 2689 quae
359 2630 433 2674 suos
445 2612 560 2673 fortiter
571 2611 819 2685 desideraverint,
836 2628 896 2672 non
907 2610 1039 2672 ostiatim

10 2714 15 2727 ·
65 2714 219 2774 quaeram.
242 2713 281 2756 ex
302 2713 364 2757 una
377 2697 430 2756 tibi
451 2696 564 2756 familia
584 2696 662 2754 duas
684 2697 838 2756 Cornelias
860 2697 957 2756 dabo:
978 2694 1039 2769 pri-

65 2799 141 2842 mam
171 2781 326 2855 Scipionis
348 2780 455 2853 filiam,
478 2779 684 2840 Gracchorum
705 2787 840 2839 matrem.
877 2778 1039 2838 duodecim

65 2865 113 2925 illa
129 2873 237 2941 partus
252 2864 376 2923 totidem
392 2862 548 2923 funeribus
562 2863 750 2935 recognovit.
773 2868 803 2919 et
817 2860 855 2918 de
869 2861 978 2918 ceteris
994 2860 1038 2914 fa-

10 2970 14 2977 ·
65 2948 120 3009 cile
135 2955 194 3022 esf,
211 2962 293 3023 quos
307 2947 470 3007 neceditos
483 2961 541 3006 nec
554 2944 686 3003 amissos
699 2943 805 3002 civitas
819 2941 930 3000 sensit:
951 2938 1037 2997 fibe-

63 3031 139 3091 rium
157 3029 330 3091 Gracchum
344 3038 375 3089 et
388 3029 490 3088 Gaium
505 3025 684 3096 Gracchum,
708 3040 787 3100 quos
808 3023 896 3082 etiarn
918 3022 971 3096 qui
984 3021 1038 3081 bo-

64 3131 119 3175 nos
135 3114 222 3174 viros
237 3113 402 3187 negaverit,
418 3125 544 3187 magnos
566 3108 716 3182 fatebitur,
732 3113 762 3167 et
776 3104 899 3167 occisos
922 3104 997 3167 vidit
1010 3112 1041 3165 et

63 3198 248 3273 insepultos.
276 3195 505 3256 consolantibus
520 3201 619 3252 tamen
633 3193 838 3265 miseramque
855 3189 1039 3250 dicentibus:

63 3296 261 3356 „numquam
277 3279 383 3353 inquit,
398 3294 459 3338 non
474 3276 592 3337 felicem
603 3291 652 3336 me
663 3275 771 3349 dicam,
792 3290 872 3349 quae
884 3272 1039 3333 Gracchos

63 3365 204 3440 peperi.“
233 3361 372 3423 Cornelia
391 3360 467 3419 Livii
480 3360 570 3420 Drusi
592 3359 792 3418 clarissimum
813 3355 952 3416 iuvenem
973 3352 1071 3411 illu-f

63 3449 135 3508 stris
147 3446 271 3522 ingenii,
289 3444 449 3504 vadentem
461 3457 516 3517 per
523 3441 701 3501 Gracchana
711 3438 847 3511 vestigia,
866 3435 1039 3510 inperfectis
