2378 3856
177 173 239 236 290
466 172 499 230 L.
522 170 667 230 attimar
691 169 865 230 SENECAE

178 325 252 384 lices
273 330 302 383 et
323 324 481 395 Augustos
503 318 636 379 diximus
659 326 689 379 et
705 317 885 380 ambitiosae
899 322 1054 385 maiestati
1070 330 1138 401 quic

179 407 251 482 quid
264 404 416 481 potuimus
427 403 580 463 titulorum
592 402 805 476 congessimus
817 402 887 475 [illis
894 402 955 465 hoc
961 406 1147 487 tribuentesl

176 488 292 550 Patrem
309 487 432 562 quidem
446 484 565 546 Patriae
579 485 815 561 adpellavimus,
832 493 864 546 ιιι
874 486 968 547 sciret
978 490 1084 551 datam
1095 490 1148 553 sibi

178 580 357 648 potestatem
369 571 511 645 patriam,
528 585 606 643 quae
618 577 666 629 est
676 568 946 645 temperatissima,
960 571 1068 635 liberis
1080 590 1146 635 con·

149 657 282 724 ssulens
297 670 414 729 suaque
430 660 503 729 post
513 653 581 712 illos
592 667 756 727 reponens.
777 652 876 713 Tarde
887 653 948 715 sihi
959 664 1145 730 paternen-

176 741 232 799 bra
247 756 304 800 sua
317 737 465 797 abscidat.
486 736 575 797 etiam
590 752 659 795 cum
675 734 855 810 absciderit,
876 752 1032 813 reponere
1048 742 1149 816 cupiat

177 831 208 882 ct
221 824 250 881 in
265 820 454 882 abscidendo
469 826 571 893 gemat
584 826 743 881 cunctatus
757 821 882 881 multum
897 822 1023 898 diuque.
1052 840 1148 901 prope

178 906 257 967 enim
278 912 338 978 est,
367 911 399 963 ut
423 902 551 962 libenter
571 902 709 976 darnnet,
737 903 787 978 qui
809 904 878 963 cito.
910 920 1012 981 prope
1033 913 1097 983 est,
1118 916 1148 969 ut

178 990 281 1064 inique
295 986 415 1061 puniat,
439 985 489 1060 qui
505 986 603 1044 nimis.

150 1086 161 1135 1
236 1072 302 1131 XV.
329 1068 507 1129 Trichonem
527 1069 659 1144 equitem
680 1069 850 1130 Romanum
872 1071 1021 1132 memoria
1034 1081 1147 1147 nostra,

177 1154 248 1229 quia
263 1153 357 1214 filium
371 1169 460 1213 suum
476 1149 606 1227 flagellis
623 1151 792 1224 occiderat,
808 1152 942 1228 populus
956 1154 988 1213 in
999 1155 1070 1217 loro
1082 1172 1145 1233 gra·

176 1238 257 1313 phiis
279 1237 423 1299 conlodit.
453 1236 504 1295 rix
525 1236 605 1296 illum
622 1234 751 1309 Augusti
767 1235 906 1297 Caesaris
920 1239 1091 1301 auctoritas
1105 1242 1145 1301 iu·

147 1332 164 1384 2
178 1323 263 1382 lestis
274 1330 333 1383 tam
345 1328 463 1396 patrum
476 1335 566 1395 quam
579 1318 709 1379 tiliorum
722 1318 860 1380 manibus
871 1320 992 1396 eripuit
1019 1322 1146 1399 Tarium,

179 1408 229 1481 qui
242 1406 334 1465 filium
343 1403 568 1479 deprehensum
578 1403 608 1462 in
619 1401 880 1478 parricidioexilio
889 1403 1047 1466 damnavit
1054 1423 1146 1468 causa

125 1532 136 1543 .
178 1489 307 1563 cognita,
320 1503 409 1547 nemo
422 1503 481 1548 non
494 1486 642 1562 suspexit,
658 1486 741 1562 quod
749 1494 911 1549 contentus
919 1488 1012 1551 exilio
1020 1497 1050 1551 et
1057 1490 1146 1552 exilio

178 1573 307 1632 delicato
322 1570 477 1631 Massiliae
492 1569 670 1646 parricidam
688 1569 835 1631 continuit
847 1579 990 1633 etannua
1003 1573 1046 1634 illi
1061 1590 1145 1651 prae·

178 1655 258 1730 stitit,
266 1661 379 1731 quantu
387 1663 543 1729 praestare
551 1655 667 1729 integro
675 1654 805 1714 solebat:
818 1653 1069 1719 haecliberalitus
1078 1658 1146 1719 elie

179 1740 233 1813 cit,
253 1748 286 1799 ut
300 1740 328 1797 in
343 1755 403 1812 qua
414 1737 534 1798 civitate
546 1754 709 1812 numquam
721 1739 809 1797 deest
818 1745 967 1813 patronus
978 1741 1146 1816 peioribus,
1185 1806 1187 1813 ,

179 1838 267 1882 nemo
280 1821 438 1894 dubitaret,
456 1823 526 1895 quin
539 1838 612 1881 reus
623 1821 999 1897 meritodamnatusesset,
1017 1827 1146 1900 quernis

148 1912 262 1979 attatei·
282 1904 427 1963 damnare
448 1904 612 1977 potuisset,
643 1905 693 1978 qui
709 1904 814 1965 odisse
834 1922 896 1965 non
915 1913 1045 1982 poterat.
1081 1908 1147 1970 Hoc

178 1990 245 2064 ipso
254 1989 394 2061 exemplo
403 1986 482 2047 dabo
492 2003 581 2062 quem
594 2002 746 2063 conpares
757 1989 839 2049 bono
848 1991 927 2064 patri
937 1989 1053 2052 bonum
1065 1994 1146 2068 prin·

178 2073 285 2147 cipem.
319 2070 500 2145 Cogniturus
517 2071 555 2129 de
570 2069 633 2130 iilio
644 2072 750 2131 Tarius
765 2072 928 2133 advocavit
941 2074 971 2133 in
984 2075 1146 2137 consilium

178 2157 337 2215 Caesarem
352 2156 533 2230 Augustum.
560 2154 683 2214 venitin
699 2156 835 2229 privatos
851 2165 992 2231 penates,
1015 2158 1145 2230 adsedit,

177 2255 249 2313 pars
265 2239 353 2298 alieni
369 2237 488 2299 consilii
500 2238 564 2299 luit.
586 2254 645 2298 non
659 2237 748 2297 dixit:
768 2238 859 2300 immo
870 2239 900 2298 in
912 2255 1011 2301 meam
1022 2241 1147 2303 domum

177 2322 287 2381 veniat.
310 2323 393 2396 quod
408 2322 434 2382 si
449 2323 558 2382 lactum
575 2329 673 2392 esset,
693 2321 831 2383 Caesaris
846 2324 948 2384 lutura
961 2330 1028 2385 erat
1040 2327 1144 2401 cugni-

148 2405 233 2478 ttio,
262 2420 322 2465 non
344 2406 447 2479 patris.
481 2406 593 2466 Audita
612 2421 708 2464 causa
729 2406 934 2482 excussisque
953 2406 1096 2469 omnibus
1117 2414 1146 2468 et

176 2489 223 2547 his
240 2504 318 2563 quae
340 2489 523 2549 adulescens
545 2505 601 2563 pro
617 2504 652 2546 se
668 2488 786 2549 dixerat
800 2490 891 2549 ethis
907 2491 1019 2565 quibus
1035 2506 1143 2567 argue·

175 2572 278 2642 batur,
304 2572 375 2644 petit
390 2578 421 2630 ut
435 2573 613 2631 sententiam
629 2587 715 2631 suam
732 2574 865 2648 quisque
878 2574 1040 2649 scriberet,
1054 2590 1094 2635 tre
1105 2591 1144 2633 ea

177 2653 308 2713 omnium
324 2654 424 2724 lueret,
441 2670 520 2727 quae
532 2654 672 2714 Caesaris
687 2655 806 2716 luisset.
839 2657 951 2717 deinde
965 2656 1143 2733 priusquam

177 2737 364 2813 aperirentur
380 2735 523 2808 codicilli,
547 2737 656 2797 iuravit
671 2754 705 2797 se
719 2739 811 2812 Tarii,
827 2739 958 2802 hominis
971 2740 1143 2817 locupletis,

146 2821 371 2882 ahereditatem
392 2837 451 2880 non
469 2820 627 2880 aditurum.
660 2822 746 2882 Dicet
763 2823 890 2900 aliquis:
913 2824 1025 2899 pusillo
1042 2825 1141 2885 animo

174 2904 284 2977 timuit,
304 2921 342 2963 nc
356 2904 509 2964 videretur
523 2907 622 2965 locum
637 2906 702 2980 spei
716 2923 791 2966 suae
802 2907 922 2983 aperire
933 2908 1014 2969 velle
1025 2906 1080 2982 [in]
1090 2906 1142 2967 lilii

175 2989 377 3048 damnatione.
405 3003 462 3062 ego
477 2995 582 3047 contra
597 2991 704 3050 sentio.
729 2990 855 3064 quilibet
868 2998 1005 3052 nostrum
1021 2989 1140 3051 debuis-

175 3077 223 3129 set
242 3072 391 3131 adversus
412 3070 573 3146 opiniones
588 3072 735 3147 rnalignas
750 3072 825 3134 satis
840 3074 972 3135 liduciae
985 3072 1099 3135 habere
1113 3073 1142 3133 in

174 3153 256 3214 hona
278 3155 483 3226 conscientia,
512 3154 666 3231 principes
688 3157 781 3217 multa
800 3157 913 3218 debent
931 3156 1023 3219 etiam
1043 3157 1144 3218 lamae

145 3236 256 3297 odore.
285 3237 399 3298 Iuravit
418 3253 453 3298 se
475 3255 535 3299 non
552 3238 700 3299 aditurum
718 3240 923 3301 hereditatem.
955 3240 1063 3303 Tarius
1078 3242 1144 3318 qui·

175 3322 243 3380 dem
258 3322 368 3381 eodem
383 3323 433 3381 die
447 3327 477 3380 et
491 3323 616 3383 alterum
631 3322 774 3384 heredem
789 3323 937 3400 perdidit,
959 3324 1016 3386 sed
1032 3324 1145 3386 Caesar

115 3456 118 3461 .
174 3403 340 3464 libertatem
362 3405 529 3465 sententiae
550 3421 626 3465 suae
640 3406 776 3468 redemit.
805 3415 837 3469 et
852 3416 1016 3485 postquam
1033 3408 1145 3487 adpro-
