2378 3856
104 198 207 257 man.
225 198 275 255 ιιι.
293 198 344 256 iv.
367 196 418 257 nu
436 197 504 258 ιιιι
525 197 638 257 ιιΒ.·ι.
658 206 701 258 ao.
716 206 759 258 n.
782 199 853 258 nin.
874 200 910 258 ιι,
932 185 957 260 i.
1000 198 1043 264 ιε

60 357 161 410 torum
184 356 301 408 mentes
323 348 490 408 addidisse.
515 349 637 408 ultimae
658 350 738 408 euim
759 351 921 424 patientiae
943 354 1042 416 visum

60 441 111 493 est
120 447 194 492 eum
211 431 305 505 ierre,
322 432 375 506 qui
388 430 491 491 lovem
509 447 571 491 non
587 433 688 491 ferret.

124 515 200 575 XXI.
227 514 305 573 Nihil
321 530 394 590 ergo
409 514 440 573 in
455 515 513 587 ira,
534 529 573 573 ne
594 530 664 573 eum
677 513 799 575 videtur
812 517 936 592 quidem
952 519 1069 582 vehe·1

62 614 149 664 mens
165 606 195 658 et
209 599 286 658 deus
302 597 506 672 hominesque
521 597 712 672 despiciens,
727 613 884 674 magnum,
900 601 973 660 nihii
988 619 1043 664 no·

61 687 122 747 bile
137 689 194 743 est
222 689 274 742 aut
288 682 316 741 si
329 682 449 741 videtur
463 681 552 740 alicui
566 696 706 755 maguum
722 682 854 742 animum
868 684 913 742 ira
928 685 1038 759 produ-

61 786 150 840 cere,
171 765 311 826 videatur
324 773 355 825 et
374 765 509 824 luxuria:
530 764 626 824 ebore
643 765 787 824 sustineri
808 767 885 839 vuit,
908 784 1044 842 purpura

60 852 182 924 vestiri,
209 865 284 910 auro
303 850 379 923 tegi,
405 855 504 908 terras
527 848 706 921 transferre,
731 849 826 909 maria
848 851 1043 925 concludere,

60 937 189 997 flumina
214 933 431 1008 praecipitare,
458 946 586 991 nemora
609 931 810 1005 suspendere.
848 934 988 994 videatur
1014 938 1071 994 etr

61 1018 191 1080 avaritia
211 1015 321 1090 magni,
332 1013 441 1075 animia
461 1015 581 1074 acervis
596 1012 663 1075 auri
681 1017 860 1092 argentique
877 1017 1001 1078 incubat
1014 1026 1044 1077 et

62 1094 287 1185 provinciarum
309 1097 482 1159 nominibus
503 1113 594 1172 agros
610 1098 681 1158 coiit
697 1107 727 1159 et
748 1101 805 1160 sub
822 1101 949 1175 singuiis
966 1102 1042 1161 vilii-

61 1189 107 1248 cis
123 1186 246 1246 latiores
260 1183 353 1242 habet
366 1182 444 1242 flues
461 1198 552 1257 quarn
568 1199 647 1255 quos
664 1185 807 1243 consules
828 1185 1041 1245 sortiebantur.

62 1271 200 1330 videatur
212 1276 241 1327 et
255 1266 349 1326 iibido
361 1265 463 1340 magni
478 1263 582 1324 animii
597 1273 766 1326 transnatat
777 1268 861 1341 treta,
878 1272 1071 1343 puerorum3

61 1367 176 1429 greges
188 1357 316 1422 nostrat,
338 1348 395 1409 sub
409 1348 543 1423 gladium
557 1349 655 1407 mariti
670 1351 753 1408 venit
766 1367 845 1411 uxor
859 1360 956 1411 morte
971 1367 1042 1412 con-

61 1444 184 1510 tempta
206 1433 347 1493 uideatur
358 1440 388 1493 et
399 1431 522 1492 ambitio
534 1431 634 1504 magni
646 1431 752 1491 animi:
768 1450 829 1494 non
842 1442 890 1495 est
901 1442 1043 1496 contenta

61 1517 238 1580 honoribus
252 1517 370 1578 annuis.
403 1518 429 1576 si
450 1515 516 1575 fieri
538 1522 655 1589 potest,
675 1531 737 1575 uno
752 1520 874 1578 nomine
889 1533 1043 1594 occupare

61 1606 161 1663 fastus
175 1600 252 1673 vuit,
273 1615 468 1675 peromnem
489 1598 594 1658 orbern
615 1600 717 1659 titulos
733 1600 907 1676 disponere.
938 1600 1072 1663 Omniat

60 1688 120 1747 ista
141 1701 201 1745 non
223 1683 316 1742 reiert
336 1683 365 1741 in
388 1690 533 1757 quantum
555 1684 724 1756 procedant
746 1687 972 1760 extendantque
997 1701 1041 1745 se.

61 1775 191 1844 angusta
206 1774 291 1840 sunt,
307 1767 433 1837 misera,
451 1766 616 1840 depressa:
638 1768 705 1825 sota
721 1768 859 1828 sublimis
874 1776 904 1828 et
918 1770 1044 1828 excelsa

62 1853 159 1913 virtus
179 1859 240 1922 est,
270 1865 327 1909 uec
350 1850 514 1924 quicquam
536 1864 678 1924 magnum
703 1859 751 1911 est
769 1853 827 1912 nisi
850 1854 933 1928 quod
953 1852 1043 1911 simui

64 1935 225 2010 piacidum.

439 2043 650 2053 -—---—-—-

359 2149 392 2230 ι.
416 2148 556 2232 iiiiii
575 2148 746 2233 stiuam

220 2279 590 2430 ιιιιιιιιιιιιι
622 2280 790 2373 inm
819 2282 883 2374 ιι.
969 2340 970 2343 ψ

443 2489 487 2538 ΑΙ)
505 2487 663 2541 NOVATUM

420 2589 498 2659 itti
560 2591 689 2658 titt

483 2699 623 2754 munit.

492 2838 606 2847 nu...—

130 2925 153 2984 1.
180 2925 299 2987 Primus
323 2926 413 3006 liber,
441 2927 575 2998 Novate,
597 2924 804 3000 benigniorem
825 2923 930 2982 habuit
949 2929 1069 2982 mate-1

59 3008 145 3069 riom.
184 3009 282 3070 tacitis
308 3009 388 3069 enim
412 3009 442 3070 in
470 3007 617 3084 proclivia
641 3009 783 3068 vitiorum
809 3007 959 3066 decursus
985 3012 1041 3066 est

59 3105 148 3154 nune¹
161 3092 207 3153 »ad
232 3093 360 3153 exitiora
383 3093 566 3152 veniendum
591 3098 647 3151 est
688 3090 863 3165 quaerimus
885 3089 964 3149 enim
986 3088 1044 3148 ira

59 3183 186 3236 utrum
211 3174 361 3236 iudicio
386 3193 429 3236 an
455 3174 590 3249 inpetu
614 3175 794 3249 incipiat,
820 3174 853 3233 id
876 3180 923 3233 est
944 3181 1046 3233 utrum

60 3273 119 3320 suu
136 3266 252 3334 sponte
272 3265 430 3322 moueatur
452 3258 763 3334 anquemadmodum
779 3257 942 3332 ploraque,
963 3271 1043 3330 quae

60 3343 146 3405 intra
160 3358 219 3405 nas
240 3342 345 3404 insciis
366 3341 456 3402 nobis
470 3344 614 3402 oriuntur.
643 3338 744 3402 Debet
757 3340 907 3407 autemin
916 3339 995 3398 haec
1008 3350 1072 3401 set

61 3424 220 3487 demittere
241 3426 425 3501 disputatio,
447 3433 480 3486 ut
495 3426 533 3484 ad
549 3424 600 3484 ilia
616 3440 744 3500 quoque
754 3424 864 3483 altiora
876 3422 975 3496 possit
990 3435 1040 3479 ex-
