<?xml version="1.0" encoding="UTF-8"?>
<!DOCTYPE html PUBLIC "-//W3C//DTD XHTML 1.0 Transitional//EN"
    "http://www.w3.org/TR/xhtml1/DTD/xhtml1-transitional.dtd">
<html xmlns="http://www.w3.org/1999/xhtml" xml:lang="en" lang="en">
 <head>
  <title>
</title>
<meta http-equiv="Content-Type" content="text/html;charset=utf-8" />
  <meta name='ocr-system' content='tesseract 3.04.00' />
  <meta name='ocr-capabilities' content='ocr_page ocr_carea ocr_par ocr_line ocrx_word'/>
</head>
<body>
  <div class='ocr_page' id='page_1' title='image "./lannaeisenecaeo03senegoog_0109.png"; bbox 0 0 2378 3856; ppageno 0'>
   <div class='ocr_carea' id='block_1_1' title="bbox 158 202 851 268">
    <p class='ocr_par' dir='ltr' id='par_1_1' title="bbox 158 202 851 268">
     <span class='ocr_line' id='line_1_1' title="bbox 158 202 851 268; baseline -0.006 0"><span class='ocrx_word' id='word_1_1' title='bbox 158 205 201 268; x_wconf 74' lang='lat'><strong>92</strong></span> <span class='ocrx_word' id='word_1_2' title='bbox 449 206 482 263; x_wconf 92' lang='lat' dir='ltr'><strong>L.</strong></span> <span class='ocrx_word' id='word_1_3' title='bbox 506 204 652 263; x_wconf 85' lang='grc' dir='ltr'><strong>ΑΝΝΑΕΙ</strong></span> <span class='ocrx_word' id='word_1_4' title='bbox 674 202 851 264; x_wconf 76' lang='lat' dir='ltr'>SENECAE</span> 
     </span>
    </p>
   </div>
   <div class='ocr_carea' id='block_1_2' title="bbox 126 352 1141 684">
    <p class='ocr_par' dir='ltr' id='par_1_2' title="bbox 126 352 1141 684">
     <span class='ocr_line' id='line_1_2' title="bbox 160 352 1141 433; baseline -0.001 -15"><span class='ocrx_word' id='word_1_5' title='bbox 160 374 229 419; x_wconf 87' lang='lat' dir='ltr'><strong>cum</strong></span> <span class='ocrx_word' id='word_1_6' title='bbox 243 372 343 433; x_wconf 88' lang='lat' dir='ltr'><strong>aeque</strong></span> <span class='ocrx_word' id='word_1_7' title='bbox 357 370 410 417; x_wconf 89' lang='lat' dir='ltr'><strong>cor</strong></span> <span class='ocrx_word' id='word_1_8' title='bbox 425 371 515 415; x_wconf 91' lang='lat' dir='ltr'><strong>suum</strong></span> <span class='ocrx_word' id='word_1_9' title='bbox 527 369 617 430; x_wconf 87' lang='lat' dir='ltr'><strong>quam</strong></span> <span class='ocrx_word' id='word_1_10' title='bbox 626 353 679 414; x_wconf 86' lang='lat' dir='ltr'><strong>iiiii</strong></span> <span class='ocrx_word' id='word_1_11' title='bbox 692 353 874 413; x_wconf 88' lang='lat' dir='ltr'><strong>transiixum</strong></span> <span class='ocrx_word' id='word_1_12' title='bbox 885 352 1015 413; x_wconf 79' lang='lat' dir='ltr'><strong>videret.</strong></span> <span class='ocrx_word' id='word_1_13' title='bbox 1038 359 1141 429; x_wconf 78' lang='lat' dir='ltr'><strong>potest</strong></span> 
     </span>
     <span class='ocr_line' id='line_1_3' title="bbox 159 436 1138 512; baseline -0.003 -10"><span class='ocrx_word' id='word_1_14' title='bbox 159 441 220 502; x_wconf 86' lang='lat' dir='ltr'><strong>dici</strong></span> <span class='ocrx_word' id='word_1_15' title='bbox 233 441 340 501; x_wconf 90' lang='lat' dir='ltr'><strong>merito</strong></span> <span class='ocrx_word' id='word_1_16' title='bbox 356 440 526 499; x_wconf 79' lang='lat' dir='ltr'>devorasse</span> <span class='ocrx_word' id='word_1_17' title='bbox 538 437 644 497; x_wconf 81' lang='lat' dir='ltr'><strong>verba</strong></span> <span class='ocrx_word' id='word_1_18' title='bbox 672 452 742 497; x_wconf 87' lang='lat' dir='ltr'><strong>nam</strong></span> <span class='ocrx_word' id='word_1_19' title='bbox 764 436 792 497; x_wconf 89' lang='lat' dir='ltr'><strong>si</strong></span> <span class='ocrx_word' id='word_1_20' title='bbox 807 437 883 512; x_wconf 94' lang='lat' dir='ltr'><strong>quid</strong></span> <span class='ocrx_word' id='word_1_21' title='bbox 896 443 1057 512; x_wconf 79' lang='lat' dir='ltr'><strong>umquam</strong></span> <span class='ocrx_word' id='word_1_22' title='bbox 1082 438 1138 499; x_wconf 87' lang='lat' dir='ltr'><strong>ira·</strong></span> 
     </span>
     <span class='ocr_line' id='line_1_4' title="bbox 126 519 1139 598; baseline -0.007 -10"><span class='ocrx_word' id='word_1_23' title='bbox 126 533 207 588; x_wconf 79' lang='lat' dir='ltr'><strong>titus</strong></span> <span class='ocrx_word' id='word_1_24' title='bbox 222 524 362 596; x_wconf 79' lang='lat' dir='ltr'><strong>dixisset,</strong></span> <span class='ocrx_word' id='word_1_25' title='bbox 377 522 451 583; x_wconf 91' lang='lat' dir='ltr'><strong>nihii</strong></span> <span class='ocrx_word' id='word_1_26' title='bbox 461 531 616 598; x_wconf 77' lang='lat' dir='ltr'><strong>tamquam</strong></span> <span class='ocrx_word' id='word_1_27' title='bbox 629 521 829 597; x_wconf 78' lang='lat' dir='ltr'><strong>paterfacere</strong></span> <span class='ocrx_word' id='word_1_28' title='bbox 839 519 1003 596; x_wconf 84' lang='lat' dir='ltr'><strong>potuisset</strong></span> <span class='ocrx_word' id='word_1_29' title='bbox 1024 519 1139 597; x_wconf 77' lang='lat' dir='ltr'><strong>Potcsc,</strong></span> 
     </span>
     <span class='ocr_line' id='line_1_5' title="bbox 158 603 1141 684; baseline -0.002 -15"><span class='ocrx_word' id='word_1_30' title='bbox 158 611 299 684; x_wconf 87' lang='lat' dir='ltr'><strong>inquam,</strong></span> <span class='ocrx_word' id='word_1_31' title='bbox 323 607 418 666; x_wconf 90' lang='lat' dir='ltr'><strong>videri</strong></span> <span class='ocrx_word' id='word_1_32' title='bbox 433 605 603 682; x_wconf 86' lang='lat' dir='ltr'><strong>sapientius</strong></span> <span class='ocrx_word' id='word_1_33' title='bbox 618 620 653 665; x_wconf 88' lang='lat' dir='ltr'><strong>se</strong></span> <span class='ocrx_word' id='word_1_34' title='bbox 668 605 697 664; x_wconf 93' lang='lat' dir='ltr'><strong>in</strong></span> <span class='ocrx_word' id='word_1_35' title='bbox 709 605 769 664; x_wconf 84' lang='lat' dir='ltr'><strong>iiio</strong></span> <span class='ocrx_word' id='word_1_36' title='bbox 782 619 857 665; x_wconf 85' lang='lat' dir='ltr'><strong>casu</strong></span> <span class='ocrx_word' id='word_1_37' title='bbox 870 603 1024 679; x_wconf 73' lang='lat' dir='ltr'><strong>gessisse,</strong></span> <span class='ocrx_word' id='word_1_38' title='bbox 1048 622 1141 680; x_wconf 81' lang='lat' dir='ltr'><strong>quatu</strong></span> 
     </span>
    </p>
   </div>
   <div class='ocr_carea' id='block_1_3' title="bbox 108 687 1140 3517">
    <p class='ocr_par' dir='ltr' id='par_1_3' title="bbox 158 687 1140 1085">
     <span class='ocr_line' id='line_1_6' title="bbox 159 687 1140 766; baseline 0 -14"><span class='ocrx_word' id='word_1_39' title='bbox 159 707 228 752; x_wconf 93' lang='lat' dir='ltr'><strong>cum</strong></span> <span class='ocrx_word' id='word_1_40' title='bbox 244 693 283 751; x_wconf 91' lang='lat' dir='ltr'><strong>de</strong></span> <span class='ocrx_word' id='word_1_41' title='bbox 299 689 426 766; x_wconf 89' lang='lat' dir='ltr'><strong>potandi</strong></span> <span class='ocrx_word' id='word_1_42' title='bbox 445 691 537 751; x_wconf 89' lang='lat' dir='ltr'><strong>modo</strong></span> <span class='ocrx_word' id='word_1_43' title='bbox 553 689 745 765; x_wconf 82' lang='lat' dir='ltr'><strong>praeciperet</strong></span> <span class='ocrx_word' id='word_1_44' title='bbox 758 691 820 762; x_wconf 51' lang='lat' dir='ltr'><strong>[ert</strong></span> <span class='ocrx_word' id='word_1_45' title='bbox 839 703 931 764; x_wconf 81' lang='lat' dir='ltr'><strong>quem</strong></span> <span class='ocrx_word' id='word_1_46' title='bbox 952 687 1055 751; x_wconf 81' lang='lat' dir='ltr'><strong>satius</strong></span> <span class='ocrx_word' id='word_1_47' title='bbox 1076 696 1140 751; x_wconf 82' lang='lat' dir='ltr'><strong>ersi</strong></span> 
     </span>
     <span class='ocr_line' id='line_1_7' title="bbox 158 772 1138 850; baseline 0.001 -16"><span class='ocrx_word' id='word_1_48' title='bbox 158 776 262 835; x_wconf 90' lang='lat' dir='ltr'><strong>vinum</strong></span> <span class='ocrx_word' id='word_1_49' title='bbox 279 791 370 850; x_wconf 89' lang='lat' dir='ltr'><strong>quam</strong></span> <span class='ocrx_word' id='word_1_50' title='bbox 385 775 565 849; x_wconf 78' lang='lat' dir='ltr'><strong>sanguinem</strong></span> <span class='ocrx_word' id='word_1_51' title='bbox 582 772 696 845; x_wconf 81' lang='lat' dir='ltr'><strong>bibere,</strong></span> <span class='ocrx_word' id='word_1_52' title='bbox 717 773 807 833; x_wconf 84' lang='lat' dir='ltr'><strong>cuius</strong></span> <span class='ocrx_word' id='word_1_53' title='bbox 822 787 930 832; x_wconf 89' lang='lat' dir='ltr'><strong>manus</strong></span> <span class='ocrx_word' id='word_1_54' title='bbox 946 773 1073 847; x_wconf 59' lang='lat' dir='ltr'><strong>maiis</strong></span> <span class='ocrx_word' id='word_1_55' title='bbox 1088 789 1138 835; x_wconf 76' lang='lat' dir='ltr'><strong>ee·</strong></span> 
     </span>
     <span class='ocr_line' id='line_1_8' title="bbox 159 857 1139 935; baseline 0 -16"><span class='ocrx_word' id='word_1_56' title='bbox 159 859 265 935; x_wconf 83' lang='lat' dir='ltr'><strong>cupan‘</strong></span> <span class='ocrx_word' id='word_1_57' title='bbox 282 874 343 934; x_wconf 84' lang='lat' dir='ltr'><strong>pax</strong></span> <span class='ocrx_word' id='word_1_58' title='bbox 357 865 437 918; x_wconf 69' lang='lat' dir='ltr'><strong>erata</strong></span> <span class='ocrx_word' id='word_1_59' title='bbox 458 857 592 917; x_wconf 87' lang='lat' dir='ltr'><strong>accessit</strong></span> <span class='ocrx_word' id='word_1_60' title='bbox 608 857 710 931; x_wconf 83' lang='lat' dir='ltr'><strong>itaque</strong></span> <span class='ocrx_word' id='word_1_61' title='bbox 723 857 763 917; x_wconf 91' lang='lat' dir='ltr'><strong>ad</strong></span> <span class='ocrx_word' id='word_1_62' title='bbox 779 871 939 917; x_wconf 88' lang='lat' dir='ltr'><strong>numerum</strong></span> <span class='ocrx_word' id='word_1_63' title='bbox 952 870 1074 931; x_wconf 82' lang='lat' dir='ltr'><strong>eorum,</strong></span> <span class='ocrx_word' id='word_1_64' title='bbox 1089 857 1139 933; x_wconf 86' lang='lat' dir='ltr'><strong>qui</strong></span> 
     </span>
     <span class='ocr_line' id='line_1_9' title="bbox 158 940 1140 1017; baseline -0.001 -15"><span class='ocrx_word' id='word_1_65' title='bbox 158 944 279 1017; x_wconf 82' lang='lat' dir='ltr'><strong>magnis</strong></span> <span class='ocrx_word' id='word_1_66' title='bbox 298 940 439 1001; x_wconf 85' lang='lat' dir='ltr'><strong>cladibus</strong></span> <span class='ocrx_word' id='word_1_67' title='bbox 461 940 677 1012; x_wconf 85' lang='lat' dir='ltr'><strong>ostenderunt,</strong></span> <span class='ocrx_word' id='word_1_68' title='bbox 705 940 811 1015; x_wconf 80' lang='lat' dir='ltr'><strong>quanti</strong></span> <span class='ocrx_word' id='word_1_69' title='bbox 831 947 1013 1001; x_wconf 73' lang='lat' dir='ltr'><strong>constarent</strong></span> <span class='ocrx_word' id='word_1_70' title='bbox 1030 956 1140 1017; x_wconf 59' lang='lat' dir='ltr'><strong>marn</strong></span> 
     </span>
     <span class='ocr_line' id='line_1_10' title="bbox 158 1023 514 1085; baseline -0.011 0"><span class='ocrx_word' id='word_1_71' title='bbox 158 1025 265 1085; x_wconf 87' lang='lat' dir='ltr'><strong>amicis</strong></span> <span class='ocrx_word' id='word_1_72' title='bbox 279 1024 362 1084; x_wconf 88' lang='lat' dir='ltr'><strong>bona</strong></span> <span class='ocrx_word' id='word_1_73' title='bbox 376 1023 514 1085; x_wconf 87' lang='lat' dir='ltr'><strong>consilia.</strong></span> 
     </span>
    </p>

    <p class='ocr_par' dir='ltr' id='par_1_4' title="bbox 127 1106 1140 1685">
     <span class='ocr_line' id='line_1_11' title="bbox 127 1106 1140 1184; baseline -0.001 -13"><span class='ocrx_word' id='word_1_74' title='bbox 127 1120 141 1171; x_wconf 93' lang='lat'>1</span> <span class='ocrx_word' id='word_1_75' title='bbox 218 1109 283 1168; x_wconf 82' lang='lat' dir='ltr'><strong>XV.</strong></span> <span class='ocrx_word' id='word_1_76' title='bbox 305 1108 372 1167; x_wconf 85' lang='lat' dir='ltr'><strong>Non</strong></span> <span class='ocrx_word' id='word_1_77' title='bbox 394 1107 499 1168; x_wconf 90' lang='lat' dir='ltr'><strong>dubito</strong></span> <span class='ocrx_word' id='word_1_78' title='bbox 522 1107 593 1183; x_wconf 93' lang='lat' dir='ltr'><strong>quin</strong></span> <span class='ocrx_word' id='word_1_79' title='bbox 610 1107 773 1182; x_wconf 72' lang='lat' dir='ltr'>Harpagus</span> <span class='ocrx_word' id='word_1_80' title='bbox 795 1121 920 1181; x_wconf 85' lang='lat' dir='ltr'><strong>quoque</strong></span> <span class='ocrx_word' id='word_1_81' title='bbox 940 1107 1005 1167; x_wconf 76' lang='lat' dir='ltr'><strong>isia</strong></span> <span class='ocrx_word' id='word_1_82' title='bbox 1022 1106 1140 1184; x_wconf 87' lang='lat' dir='ltr'><strong>aliquid</strong></span> 
     </span>
     <span class='ocr_line' id='line_1_12' title="bbox 157 1189 1139 1267; baseline 0.001 -15"><span class='ocrx_word' id='word_1_83' title='bbox 157 1193 222 1267; x_wconf 72' lang='lat' dir='ltr'><strong>regi</strong></span> <span class='ocrx_word' id='word_1_84' title='bbox 239 1207 298 1252; x_wconf 89' lang='lat' dir='ltr'><strong>suo</strong></span> <span class='ocrx_word' id='word_1_85' title='bbox 312 1191 538 1266; x_wconf 79' lang='lat' dir='ltr'><strong>Persarumque</strong></span> <span class='ocrx_word' id='word_1_86' title='bbox 549 1191 697 1262; x_wconf 75' lang='lat' dir='ltr'><strong>suaserit,</strong></span> <span class='ocrx_word' id='word_1_87' title='bbox 720 1206 783 1264; x_wconf 89' lang='lat' dir='ltr'><strong>quo</strong></span> <span class='ocrx_word' id='word_1_88' title='bbox 799 1189 939 1250; x_wconf 82' lang='lat' dir='ltr'><strong>offensus</strong></span> <span class='ocrx_word' id='word_1_89' title='bbox 963 1190 1085 1253; x_wconf 86' lang='lat' dir='ltr'><strong>liberos</strong></span> <span class='ocrx_word' id='word_1_90' title='bbox 1098 1191 1139 1252; x_wconf 91' lang='lat' dir='ltr'><strong>iiii</strong></span> 
     </span>
     <span class='ocr_line' id='line_1_13' title="bbox 158 1274 1137 1352; baseline 0.001 -16"><span class='ocrx_word' id='word_1_91' title='bbox 158 1276 332 1352; x_wconf 87' lang='lat' dir='ltr'><strong>epulandos</strong></span> <span class='ocrx_word' id='word_1_92' title='bbox 347 1276 492 1350; x_wconf 75' lang='lat' dir='ltr'><strong>adposuit</strong></span> <span class='ocrx_word' id='word_1_93' title='bbox 506 1283 536 1335; x_wconf 92' lang='lat' dir='ltr'><strong>et</strong></span> <span class='ocrx_word' id='word_1_94' title='bbox 550 1274 682 1335; x_wconf 79' lang='lat' dir='ltr'><strong>subinde</strong></span> <span class='ocrx_word' id='word_1_95' title='bbox 697 1274 843 1348; x_wconf 85' lang='lat' dir='ltr'><strong>quaesiit=</strong></span> <span class='ocrx_word' id='word_1_96' title='bbox 858 1290 897 1334; x_wconf 81' lang='lat' dir='ltr'><strong>sn</strong></span> <span class='ocrx_word' id='word_1_97' title='bbox 913 1275 1053 1348; x_wconf 87' lang='lat' dir='ltr'><strong>piaoerct</strong></span> <span class='ocrx_word' id='word_1_98' title='bbox 1067 1291 1137 1337; x_wconf 72' lang='lat' dir='ltr'><strong>ectr</strong></span> 
     </span>
     <span class='ocr_line' id='line_1_14' title="bbox 158 1357 1137 1433; baseline -0.001 -12"><span class='ocrx_word' id='word_1_99' title='bbox 158 1360 266 1421; x_wconf 89' lang='lat' dir='ltr'><strong>ditura.</strong></span> <span class='ocrx_word' id='word_1_100' title='bbox 295 1358 413 1421; x_wconf 83' lang='lat' dir='ltr'><strong>Deinde</strong></span> <span class='ocrx_word' id='word_1_101' title='bbox 427 1367 459 1419; x_wconf 90' lang='lat' dir='ltr'><strong>ut</strong></span> <span class='ocrx_word' id='word_1_102' title='bbox 474 1359 548 1418; x_wconf 89' lang='lat' dir='ltr'><strong>satis</strong></span> <span class='ocrx_word' id='word_1_103' title='bbox 562 1360 644 1419; x_wconf 87' lang='lat' dir='ltr'><strong>ilium</strong></span> <span class='ocrx_word' id='word_1_104' title='bbox 661 1360 784 1433; x_wconf 87' lang='lat' dir='ltr'><strong>pienum</strong></span> <span class='ocrx_word' id='word_1_105' title='bbox 798 1358 889 1417; x_wconf 85' lang='lat' dir='ltr'><strong>maiis</strong></span> <span class='ocrx_word' id='word_1_106' title='bbox 901 1357 972 1417; x_wconf 84' lang='lat' dir='ltr'><strong>suis</strong></span> <span class='ocrx_word' id='word_1_107' title='bbox 984 1358 1071 1433; x_wconf 77' lang='lat' dir='ltr'><strong>vidit,</strong></span> <span class='ocrx_word' id='word_1_108' title='bbox 1086 1359 1137 1420; x_wconf 76' lang='lat' dir='ltr'><strong>sd</strong></span> 
     </span>
     <span class='ocr_line' id='line_1_15' title="bbox 159 1441 1137 1518; baseline 0 -15"><span class='ocrx_word' id='word_1_109' title='bbox 159 1442 232 1503; x_wconf 89' lang='lat' dir='ltr'><strong>ierri</strong></span> <span class='ocrx_word' id='word_1_110' title='bbox 245 1444 345 1518; x_wconf 88' lang='lat' dir='ltr'><strong>capita</strong></span> <span class='ocrx_word' id='word_1_111' title='bbox 364 1443 483 1502; x_wconf 90' lang='lat' dir='ltr'><strong>iiiorum</strong></span> <span class='ocrx_word' id='word_1_112' title='bbox 504 1443 594 1503; x_wconf 92' lang='lat' dir='ltr'><strong>iussit</strong></span> <span class='ocrx_word' id='word_1_113' title='bbox 607 1449 638 1502; x_wconf 84' lang='lat' dir='ltr'><strong>et</strong></span> <span class='ocrx_word' id='word_1_114' title='bbox 652 1441 808 1516; x_wconf 90' lang='lat' dir='ltr'><strong>quomodo</strong></span> <span class='ocrx_word' id='word_1_115' title='bbox 823 1447 908 1501; x_wconf 88' lang='lat' dir='ltr'><strong>esset</strong></span> <span class='ocrx_word' id='word_1_116' title='bbox 927 1449 1083 1516; x_wconf 72' lang='lat' dir='ltr'><strong>accepera</strong></span> <span class='ocrx_word' id='word_1_117' title='bbox 1095 1444 1137 1503; x_wconf 87' lang='lat' dir='ltr'><strong>io·</strong></span> 
     </span>
     <span class='ocr_line' id='line_1_16' title="bbox 159 1523 1136 1600; baseline 0.003 -14"><span class='ocrx_word' id='word_1_118' title='bbox 159 1524 335 1600; x_wconf 77' lang='lat' dir='ltr'><strong>terrogavit.</strong></span> <span class='ocrx_word' id='word_1_119' title='bbox 364 1524 430 1585; x_wconf 89' lang='lat' dir='ltr'><strong>Non</strong></span> <span class='ocrx_word' id='word_1_120' title='bbox 445 1526 610 1586; x_wconf 90' lang='lat' dir='ltr'><strong>deiuerunt</strong></span> <span class='ocrx_word' id='word_1_121' title='bbox 626 1525 740 1585; x_wconf 88' lang='lat' dir='ltr'><strong>misero</strong></span> <span class='ocrx_word' id='word_1_122' title='bbox 754 1523 858 1599; x_wconf 91' lang='lat' dir='ltr'><strong>verba,</strong></span> <span class='ocrx_word' id='word_1_123' title='bbox 873 1541 935 1586; x_wconf 91' lang='lat' dir='ltr'><strong>non</strong></span> <span class='ocrx_word' id='word_1_124' title='bbox 953 1541 991 1585; x_wconf 89' lang='lat' dir='ltr'><strong>os</strong></span> <span class='ocrx_word' id='word_1_125' title='bbox 1006 1538 1136 1589; x_wconf 71' lang='lat' dir='ltr'><strong>concur</strong></span> 
     </span>
     <span class='ocr_line' id='line_1_17' title="bbox 157 1608 1139 1685; baseline 0.004 -17"><span class='ocrx_word' id='word_1_126' title='bbox 157 1610 212 1668; x_wconf 81' lang='lat' dir='ltr'><strong>rit:</strong></span> <span class='ocrx_word' id='word_1_127' title='bbox 249 1609 353 1683; x_wconf 91' lang='lat' dir='ltr'><strong>„apud</strong></span> <span class='ocrx_word' id='word_1_128' title='bbox 374 1624 492 1683; x_wconf 80' lang='lat' dir='ltr'><strong>regem,</strong></span> <span class='ocrx_word' id='word_1_129' title='bbox 519 1609 630 1685; x_wconf 91' lang='lat' dir='ltr'><strong>inquit,</strong></span> <span class='ocrx_word' id='word_1_130' title='bbox 659 1608 759 1670; x_wconf 88' lang='lat' dir='ltr'><strong>omnis</strong></span> <span class='ocrx_word' id='word_1_131' title='bbox 781 1622 881 1669; x_wconf 88' lang='lat' dir='ltr'><strong>coena</strong></span> <span class='ocrx_word' id='word_1_132' title='bbox 897 1609 1036 1670; x_wconf 68' lang='lat' dir='ltr'><strong>iucunda</strong></span> <span class='ocrx_word' id='word_1_133' title='bbox 1061 1615 1139 1672; x_wconf 66' lang='grc' dir='ltr'><strong>σευ*</strong></span> 
     </span>
    </p>

    <p class='ocr_par' dir='ltr' id='par_1_5' title="bbox 126 1691 1138 2018">
     <span class='ocr_line' id='line_1_18' title="bbox 126 1691 1136 1768; baseline -0.002 -15"><span class='ocrx_word' id='word_1_134' title='bbox 126 1693 143 1745; x_wconf 70' lang='lat'><em>2</em></span> <span class='ocrx_word' id='word_1_135' title='bbox 158 1691 237 1767; x_wconf 78' lang='lat' dir='ltr'><strong>Quid</strong></span> <span class='ocrx_word' id='word_1_136' title='bbox 250 1691 308 1751; x_wconf 89' lang='lat' dir='ltr'><strong>hac</strong></span> <span class='ocrx_word' id='word_1_137' title='bbox 323 1691 497 1753; x_wconf 84' lang='lat' dir='ltr'><strong>adulatione</strong></span> <span class='ocrx_word' id='word_1_138' title='bbox 512 1694 663 1768; x_wconf 71' lang='lat' dir='ltr'><strong>proterite</strong></span> <span class='ocrx_word' id='word_1_139' title='bbox 683 1708 723 1752; x_wconf 88' lang='lat' dir='ltr'><strong>ne</strong></span> <span class='ocrx_word' id='word_1_140' title='bbox 734 1692 773 1752; x_wconf 87' lang='lat' dir='ltr'><strong>ad</strong></span> <span class='ocrx_word' id='word_1_141' title='bbox 787 1692 933 1768; x_wconf 84' lang='lat' dir='ltr'><strong>reiiquias</strong></span> <span class='ocrx_word' id='word_1_142' title='bbox 946 1693 1136 1756; x_wconf 79' lang='lat' dir='ltr'><strong>invitaretur.</strong></span> 
     </span>
     <span class='ocr_line' id='line_1_19' title="bbox 157 1776 1137 1855; baseline 0.003 -20"><span class='ocrx_word' id='word_1_143' title='bbox 157 1777 302 1837; x_wconf 87' lang='lat' dir='ltr'><strong>Ncnvetc</strong></span> <span class='ocrx_word' id='word_1_144' title='bbox 318 1782 433 1850; x_wconf 91' lang='lat' dir='ltr'><strong>patrem</strong></span> <span class='ocrx_word' id='word_1_145' title='bbox 441 1776 585 1837; x_wconf 83' lang='lat' dir='ltr'><strong>damnare</strong></span> <span class='ocrx_word' id='word_1_146' title='bbox 596 1777 677 1852; x_wconf 81' lang='lat' dir='ltr'><strong>regis</strong></span> <span class='ocrx_word' id='word_1_147' title='bbox 693 1776 743 1836; x_wconf 90' lang='lat' dir='ltr'><strong>sui</strong></span> <span class='ocrx_word' id='word_1_148' title='bbox 753 1777 874 1850; x_wconf 81' lang='lat' dir='ltr'><strong>iactum,</strong></span> <span class='ocrx_word' id='word_1_149' title='bbox 889 1784 1030 1838; x_wconf 84' lang='lat' dir='ltr'><strong>nouveto</strong></span> <span class='ocrx_word' id='word_1_150' title='bbox 1045 1794 1137 1855; x_wconf 78' lang='lat' dir='ltr'><strong>quse</strong></span> 
     </span>
     <span class='ocr_line' id='line_1_20' title="bbox 157 1859 1136 1936; baseline 0.005 -18"><span class='ocrx_word' id='word_1_151' title='bbox 157 1874 227 1920; x_wconf 90' lang='lat' dir='ltr'><strong>rere</strong></span> <span class='ocrx_word' id='word_1_152' title='bbox 241 1859 366 1934; x_wconf 80' lang='lat' dir='ltr'><strong>dignam</strong></span> <span class='ocrx_word' id='word_1_153' title='bbox 378 1868 439 1919; x_wconf 91' lang='lat' dir='ltr'><strong>tam</strong></span> <span class='ocrx_word' id='word_1_154' title='bbox 454 1862 530 1921; x_wconf 90' lang='lat' dir='ltr'><strong>truci</strong></span> <span class='ocrx_word' id='word_1_155' title='bbox 547 1867 691 1936; x_wconf 87' lang='lat' dir='ltr'><strong>portento·</strong></span> <span class='ocrx_word' id='word_1_156' title='bbox 702 1875 849 1935; x_wconf 88' lang='lat' dir='ltr'><strong>poenam,</strong></span> <span class='ocrx_word' id='word_1_157' title='bbox 871 1862 927 1921; x_wconf 90' lang='lat' dir='ltr'><strong>sed</strong></span> <span class='ocrx_word' id='word_1_158' title='bbox 941 1861 1002 1921; x_wconf 90' lang='lat' dir='ltr'><strong>boc</strong></span> <span class='ocrx_word' id='word_1_159' title='bbox 1016 1861 1136 1923; x_wconf 86' lang='lat' dir='ltr'><strong>iuterim</strong></span> 
     </span>
     <span class='ocr_line' id='line_1_21' title="bbox 159 1942 1138 2018; baseline 0.004 -16"><span class='ocrx_word' id='word_1_160' title='bbox 159 1943 279 2017; x_wconf 77' lang='lat' dir='ltr'><strong>mitigo,</strong></span> <span class='ocrx_word' id='word_1_161' title='bbox 303 1958 398 2017; x_wconf 89' lang='lat' dir='ltr'><strong>posse</strong></span> <span class='ocrx_word' id='word_1_162' title='bbox 413 1944 502 2003; x_wconf 86' lang='lat' dir='ltr'><strong>etiam</strong></span> <span class='ocrx_word' id='word_1_163' title='bbox 518 1961 557 2004; x_wconf 89' lang='lat' dir='ltr'><strong>ex</strong></span> <span class='ocrx_word' id='word_1_164' title='bbox 571 1942 745 2018; x_wconf 83' lang='lat' dir='ltr'><strong>ingentibus</strong></span> <span class='ocrx_word' id='word_1_165' title='bbox 760 1945 849 2004; x_wconf 90' lang='lat' dir='ltr'><strong>maiis</strong></span> <span class='ocrx_word' id='word_1_166' title='bbox 868 1951 1048 2005; x_wconf 87' lang='lat' dir='ltr'><strong>nascentem</strong></span> <span class='ocrx_word' id='word_1_167' title='bbox 1063 1946 1138 2006; x_wconf 82' lang='lat' dir='ltr'><strong>iram</strong></span> 
     </span>
    </p>

    <p class='ocr_par' dir='ltr' id='par_1_6' title="bbox 126 2026 1139 2688">
     <span class='ocr_line' id='line_1_22' title="bbox 126 2026 1139 2100; baseline 0.009 -18"><span class='ocrx_word' id='word_1_168' title='bbox 126 2027 143 2082; x_wconf 78' lang='lat' dir='ltr'><strong>d</strong></span> <span class='ocrx_word' id='word_1_169' title='bbox 158 2027 307 2087; x_wconf 80' lang='lat' dir='ltr'><strong>abscondi</strong></span> <span class='ocrx_word' id='word_1_170' title='bbox 322 2033 353 2086; x_wconf 91' lang='lat' dir='ltr'><strong>et</strong></span> <span class='ocrx_word' id='word_1_171' title='bbox 367 2027 406 2086; x_wconf 93' lang='lat' dir='ltr'><strong>ad</strong></span> <span class='ocrx_word' id='word_1_172' title='bbox 422 2026 516 2087; x_wconf 89' lang='lat' dir='ltr'><strong>verbu</strong></span> <span class='ocrx_word' id='word_1_173' title='bbox 530 2027 683 2089; x_wconf 87' lang='lat' dir='ltr'><strong>contraria</strong></span> <span class='ocrx_word' id='word_1_174' title='bbox 697 2027 755 2087; x_wconf 91' lang='lat' dir='ltr'><strong>sibi</strong></span> <span class='ocrx_word' id='word_1_175' title='bbox 771 2030 849 2100; x_wconf 77' lang='lat' dir='ltr'><strong>cogi.</strong></span> <span class='ocrx_word' id='word_1_176' title='bbox 877 2027 1139 2091; x_wconf 67' lang='lat' dir='ltr'><strong>necessariaiam</strong></span> 
     </span>
     <span class='ocr_line' id='line_1_23' title="bbox 158 2109 1139 2187; baseline 0.004 -18"><span class='ocrx_word' id='word_1_177' title='bbox 158 2118 205 2170; x_wconf 90' lang='lat' dir='ltr'><strong>est</strong></span> <span class='ocrx_word' id='word_1_178' title='bbox 219 2109 337 2171; x_wconf 91' lang='lat' dir='ltr'><strong>doloris</strong></span> <span class='ocrx_word' id='word_1_179' title='bbox 357 2111 530 2185; x_wconf 77' lang='lat' dir='ltr'><strong>refrenatio,</strong></span> <span class='ocrx_word' id='word_1_180' title='bbox 544 2113 652 2187; x_wconf 90' lang='lat' dir='ltr'><strong>utique</strong></span> <span class='ocrx_word' id='word_1_181' title='bbox 671 2109 731 2172; x_wconf 89' lang='lat' dir='ltr'><strong>boc</strong></span> <span class='ocrx_word' id='word_1_182' title='bbox 748 2110 864 2171; x_wconf 88' lang='lat' dir='ltr'><strong>sortitis</strong></span> <span class='ocrx_word' id='word_1_183' title='bbox 885 2113 967 2172; x_wconf 84' lang='lat' dir='ltr'><strong>vitae</strong></span> <span class='ocrx_word' id='word_1_184' title='bbox 984 2126 1090 2186; x_wconf 76' lang='lat' dir='ltr'><strong>genus</strong></span> <span class='ocrx_word' id='word_1_185' title='bbox 1109 2120 1139 2173; x_wconf 87' lang='lat' dir='ltr'><strong>et</strong></span> 
     </span>
     <span class='ocr_line' id='line_1_24' title="bbox 157 2193 1138 2270; baseline 0.003 -16"><span class='ocrx_word' id='word_1_186' title='bbox 157 2195 196 2254; x_wconf 89' lang='lat' dir='ltr'><strong>ad</strong></span> <span class='ocrx_word' id='word_1_187' title='bbox 212 2195 327 2270; x_wconf 86' lang='lat' dir='ltr'><strong>regiam</strong></span> <span class='ocrx_word' id='word_1_188' title='bbox 343 2193 486 2255; x_wconf 87' lang='lat' dir='ltr'><strong>adhibitis</strong></span> <span class='ocrx_word' id='word_1_189' title='bbox 500 2210 653 2256; x_wconf 85' lang='lat' dir='ltr'><strong>mensam=</strong></span> <span class='ocrx_word' id='word_1_190' title='bbox 674 2195 719 2254; x_wconf 90' lang='lat' dir='ltr'><strong>sie</strong></span> <span class='ocrx_word' id='word_1_191' title='bbox 734 2201 819 2254; x_wconf 88' lang='lat' dir='ltr'><strong>estur</strong></span> <span class='ocrx_word' id='word_1_192' title='bbox 834 2195 918 2270; x_wconf 90' lang='lat' dir='ltr'><strong>apud</strong></span> <span class='ocrx_word' id='word_1_193' title='bbox 931 2194 1014 2268; x_wconf 85' lang='lat' dir='ltr'><strong>iiius,</strong></span> <span class='ocrx_word' id='word_1_194' title='bbox 1029 2197 1081 2257; x_wconf 87' lang='lat' dir='ltr'><strong>sic</strong></span> <span class='ocrx_word' id='word_1_195' title='bbox 1093 2196 1138 2257; x_wconf 87' lang='lat' dir='ltr'><strong>bi·</strong></span> 
     </span>
     <span class='ocr_line' id='line_1_25' title="bbox 157 2278 1137 2354; baseline 0.003 -17"><span class='ocrx_word' id='word_1_196' title='bbox 157 2279 251 2352; x_wconf 90' lang='lat' dir='ltr'><strong>bitur,</strong></span> <span class='ocrx_word' id='word_1_197' title='bbox 274 2279 319 2338; x_wconf 94' lang='lat' dir='ltr'><strong>sic</strong></span> <span class='ocrx_word' id='word_1_198' title='bbox 340 2279 560 2354; x_wconf 87' lang='lat' dir='ltr'><strong>respondetur,</strong></span> <span class='ocrx_word' id='word_1_199' title='bbox 586 2279 744 2339; x_wconf 77' lang='lat' dir='ltr'><strong>tuberibus</strong></span> <span class='ocrx_word' id='word_1_200' title='bbox 765 2278 833 2338; x_wconf 83' lang='lat' dir='ltr'><strong>sois</strong></span> <span class='ocrx_word' id='word_1_201' title='bbox 850 2278 1059 2341; x_wconf 72' lang='lat' dir='ltr'><strong>adridendum</strong></span> <span class='ocrx_word' id='word_1_202' title='bbox 1079 2287 1137 2342; x_wconf 78' lang='lat' dir='ltr'><strong>est</strong></span> 
     </span>
     <span class='ocr_line' id='line_1_26' title="bbox 157 2361 1137 2436; baseline 0.004 -17"><span class='ocrx_word' id='word_1_203' title='bbox 157 2363 293 2422; x_wconf 78' lang='lat' dir='ltr'><strong>Antonii</strong></span> <span class='ocrx_word' id='word_1_204' title='bbox 315 2363 355 2423; x_wconf 90' lang='lat' dir='ltr'><strong>sit</strong></span> <span class='ocrx_word' id='word_1_205' title='bbox 373 2363 435 2423; x_wconf 69' lang='lat' dir='ltr'><strong>trita</strong></span> <span class='ocrx_word' id='word_1_206' title='bbox 454 2363 642 2423; x_wconf 69' lang='lat' dir='ltr'><strong>videbimuss</strong></span> <span class='ocrx_word' id='word_1_207' title='bbox 662 2362 723 2422; x_wconf 79' lang='lat' dir='ltr'><strong>aiis</strong></span> <span class='ocrx_word' id='word_1_208' title='bbox 741 2361 801 2423; x_wconf 83' lang='lat' dir='ltr'><strong>ista</strong></span> <span class='ocrx_word' id='word_1_209' title='bbox 821 2363 965 2436; x_wconf 76' lang='lat' dir='ltr'><strong>quaestio</strong></span> <span class='ocrx_word' id='word_1_210' title='bbox 981 2369 1043 2422; x_wconf 78' lang='lat' dir='ltr'><strong>est.</strong></span> <span class='ocrx_word' id='word_1_211' title='bbox 1069 2363 1137 2424; x_wconf 76' lang='lat' dir='ltr'><strong>Nou</strong></span> 
     </span>
     <span class='ocr_line' id='line_1_27' title="bbox 158 2445 1138 2521; baseline 0.004 -19"><span class='ocrx_word' id='word_1_212' title='bbox 158 2446 390 2506; x_wconf 78' lang='lat' dir='ltr'><strong>consolabimur</strong></span> <span class='ocrx_word' id='word_1_213' title='bbox 410 2454 471 2506; x_wconf 89' lang='lat' dir='ltr'><strong>tarn</strong></span> <span class='ocrx_word' id='word_1_214' title='bbox 489 2447 573 2507; x_wconf 90' lang='lat' dir='ltr'><strong>triste</strong></span> <span class='ocrx_word' id='word_1_215' title='bbox 593 2449 795 2521; x_wconf 77' lang='lat' dir='ltr'><strong>ergastuinm,</strong></span> <span class='ocrx_word' id='word_1_216' title='bbox 821 2462 886 2506; x_wconf 84' lang='lat' dir='ltr'><strong>non</strong></span> <span class='ocrx_word' id='word_1_217' title='bbox 904 2445 1138 2508; x_wconf 64' lang='lat' dir='ltr'><strong>adhoridrimur</strong></span> 
     </span>
     <span class='ocr_line' id='line_1_28' title="bbox 158 2527 1137 2603; baseline 0.008 -19"><span class='ocrx_word' id='word_1_218' title='bbox 158 2527 242 2586; x_wconf 84' lang='lat' dir='ltr'><strong>terre·</strong></span> <span class='ocrx_word' id='word_1_219' title='bbox 257 2529 385 2603; x_wconf 89' lang='lat' dir='ltr'><strong>imperia</strong></span> <span class='ocrx_word' id='word_1_220' title='bbox 399 2530 591 2590; x_wconf 86' lang='lat' dir='ltr'><strong>oamidcnm=</strong></span> <span class='ocrx_word' id='word_1_221' title='bbox 613 2530 812 2591; x_wconf 90' lang='lat' dir='ltr'><strong>ostendemus</strong></span> <span class='ocrx_word' id='word_1_222' title='bbox 833 2529 967 2590; x_wconf 78' lang='lat' dir='ltr'><strong>inomni</strong></span> <span class='ocrx_word' id='word_1_223' title='bbox 986 2531 1137 2592; x_wconf 82' lang='lat' dir='ltr'><strong>servitute</strong></span> 
     </span>
     <span class='ocr_line' id='line_1_29' title="bbox 158 2611 1136 2688; baseline 0.006 -20"><span class='ocrx_word' id='word_1_224' title='bbox 158 2618 293 2684; x_wconf 85' lang='lat' dir='ltr'><strong>apertam</strong></span> <span class='ocrx_word' id='word_1_225' title='bbox 304 2611 434 2673; x_wconf 84' lang='lat' dir='ltr'><strong>libertati</strong></span> <span class='ocrx_word' id='word_1_226' title='bbox 442 2614 530 2673; x_wconf 89' lang='lat' dir='ltr'><strong>viam.</strong></span> <span class='ocrx_word' id='word_1_227' title='bbox 546 2615 572 2673; x_wconf 95' lang='lat' dir='ltr'><strong>si</strong></span> <span class='ocrx_word' id='word_1_228' title='bbox 580 2628 673 2688; x_wconf 72' lang='lat' dir='ltr'><strong>aeger</strong></span> <span class='ocrx_word' id='word_1_229' title='bbox 679 2612 797 2671; x_wconf 86' lang='lat' dir='ltr'><strong>animus</strong></span> <span class='ocrx_word' id='word_1_230' title='bbox 805 2621 835 2673; x_wconf 90' lang='lat' dir='ltr'><strong>et</strong></span> <span class='ocrx_word' id='word_1_231' title='bbox 843 2618 925 2687; x_wconf 81' lang='lat' dir='ltr'><strong>[non]</strong></span> <span class='ocrx_word' id='word_1_232' title='bbox 932 2629 990 2674; x_wconf 90' lang='lat' dir='ltr'><strong>suo</strong></span> <span class='ocrx_word' id='word_1_233' title='bbox 997 2613 1075 2676; x_wconf 82' lang='lat' dir='ltr'><strong>vitio</strong></span> <span class='ocrx_word' id='word_1_234' title='bbox 1081 2614 1136 2674; x_wconf 87' lang='lat' dir='ltr'><strong>rui·</strong></span> 
     </span>
    </p>

    <p class='ocr_par' dir='ltr' id='par_1_7' title="bbox 125 2694 1140 3021">
     <span class='ocr_line' id='line_1_30' title="bbox 125 2694 1140 2774; baseline 0.008 -23"><span class='ocrx_word' id='word_1_235' title='bbox 125 2697 143 2751; x_wconf 75' lang='lat'><em>4</em></span> <span class='ocrx_word' id='word_1_236' title='bbox 158 2707 209 2752; x_wconf 92' lang='lat' dir='ltr'><strong>ser</strong></span> <span class='ocrx_word' id='word_1_237' title='bbox 221 2701 276 2766; x_wconf 87' lang='lat' dir='ltr'><strong>est,</strong></span> <span class='ocrx_word' id='word_1_238' title='bbox 292 2694 363 2754; x_wconf 84' lang='lat' dir='ltr'><strong>imis</strong></span> <span class='ocrx_word' id='word_1_239' title='bbox 378 2695 615 2757; x_wconf 88' lang='lat' dir='ltr'><strong>miseriasiinire</strong></span> <span class='ocrx_word' id='word_1_240' title='bbox 628 2710 733 2755; x_wconf 89' lang='lat' dir='ltr'><strong>secum</strong></span> <span class='ocrx_word' id='word_1_241' title='bbox 748 2696 828 2755; x_wconf 84' lang='lat' dir='ltr'><strong>iicet.</strong></span> <span class='ocrx_word' id='word_1_242' title='bbox 846 2697 952 2757; x_wconf 80' lang='lat' dir='ltr'><strong>Dicam</strong></span> <span class='ocrx_word' id='word_1_243' title='bbox 967 2702 998 2757; x_wconf 85' lang='lat' dir='ltr'><strong>et</strong></span> <span class='ocrx_word' id='word_1_244' title='bbox 1013 2698 1067 2770; x_wconf 89' lang='lat' dir='ltr'><strong>iiii,</strong></span> <span class='ocrx_word' id='word_1_245' title='bbox 1083 2698 1140 2774; x_wconf 87' lang='lat' dir='ltr'><strong>qui-</strong></span> 
     </span>
     <span class='ocr_line' id='line_1_31' title="bbox 157 2775 1139 2856; baseline 0.007 -22"><span class='ocrx_word' id='word_1_246' title='bbox 157 2775 186 2834; x_wconf 92' lang='lat' dir='ltr'><strong>in</strong></span> <span class='ocrx_word' id='word_1_247' title='bbox 206 2790 310 2851; x_wconf 80' lang='lat' dir='ltr'><strong>regem</strong></span> <span class='ocrx_word' id='word_1_248' title='bbox 334 2777 440 2839; x_wconf 88' lang='lat' dir='ltr'><strong>incidit</strong></span> <span class='ocrx_word' id='word_1_249' title='bbox 457 2781 574 2855; x_wconf 78' lang='lat' dir='ltr'><strong>sagittis</strong></span> <span class='ocrx_word' id='word_1_250' title='bbox 589 2784 715 2853; x_wconf 89' lang='lat' dir='ltr'><strong>pectora</strong></span> <span class='ocrx_word' id='word_1_251' title='bbox 735 2780 904 2840; x_wconf 88' lang='lat' dir='ltr'><strong>amicorum</strong></span> <span class='ocrx_word' id='word_1_252' title='bbox 916 2788 1082 2856; x_wconf 84' lang='lat' dir='ltr'><strong>petentem,</strong></span> <span class='ocrx_word' id='word_1_253' title='bbox 1105 2789 1139 2841; x_wconf 86' lang='lat' dir='ltr'><strong>et</strong></span> 
     </span>
     <span class='ocr_line' id='line_1_32' title="bbox 157 2859 1139 2938; baseline 0.002 -20"><span class='ocrx_word' id='word_1_254' title='bbox 157 2859 207 2932; x_wconf 91' lang='lat' dir='ltr'><strong>iiii,</strong></span> <span class='ocrx_word' id='word_1_255' title='bbox 230 2861 317 2921; x_wconf 86' lang='lat' dir='ltr'><strong>caius</strong></span> <span class='ocrx_word' id='word_1_256' title='bbox 333 2861 475 2924; x_wconf 89' lang='lat' dir='ltr'><strong>dominus</strong></span> <span class='ocrx_word' id='word_1_257' title='bbox 496 2864 659 2922; x_wconf 88' lang='lat' dir='ltr'><strong>iiberorcm</strong></span> <span class='ocrx_word' id='word_1_258' title='bbox 680 2860 852 2924; x_wconf 86' lang='lat' dir='ltr'><strong>visceribus</strong></span> <span class='ocrx_word' id='word_1_259' title='bbox 876 2872 979 2938; x_wconf 87' lang='lat' dir='ltr'><strong>patres</strong></span> <span class='ocrx_word' id='word_1_260' title='bbox 1003 2872 1139 2926; x_wconf 76' lang='lat' dir='ltr'><strong>sotumi:</strong></span> 
     </span>
     <span class='ocr_line' id='line_1_33' title="bbox 159 2944 1138 3021; baseline 0.006 -18"><span class='ocrx_word' id='word_1_261' title='bbox 159 2944 233 3018; x_wconf 93' lang='lat' dir='ltr'><strong>quid</strong></span> <span class='ocrx_word' id='word_1_262' title='bbox 248 2946 355 3019; x_wconf 76' lang='lat' dir='ltr'><strong>gemis,</strong></span> <span class='ocrx_word' id='word_1_263' title='bbox 372 2947 508 3020; x_wconf 89' lang='lat' dir='ltr'><strong>demens,</strong></span> <span class='ocrx_word' id='word_1_264' title='bbox 525 2944 598 3021; x_wconf 92' lang='lat' dir='ltr'><strong>quid</strong></span> <span class='ocrx_word' id='word_1_265' title='bbox 613 2951 787 3019; x_wconf 86' lang='lat' dir='ltr'><strong>exspectas,</strong></span> <span class='ocrx_word' id='word_1_266' title='bbox 802 2955 838 3008; x_wconf 87' lang='lat' dir='ltr'><strong>ut</strong></span> <span class='ocrx_word' id='word_1_267' title='bbox 849 2955 880 3008; x_wconf 86' lang='lat' dir='ltr'><strong>te</strong></span> <span class='ocrx_word' id='word_1_268' title='bbox 893 2953 947 3007; x_wconf 89' lang='lat' dir='ltr'><strong>sut</strong></span> <span class='ocrx_word' id='word_1_269' title='bbox 966 2947 1072 3008; x_wconf 66' lang='lat' dir='ltr'><strong>hosis</strong></span> <span class='ocrx_word' id='word_1_270' title='bbox 1082 2949 1138 3009; x_wconf 86' lang='lat' dir='ltr'><strong>aii·</strong></span> 
     </span>
    </p>

    <p class='ocr_par' dir='ltr' id='par_1_8' title="bbox 108 3027 1139 3517">
     <span class='ocr_line' id='line_1_34' title="bbox 108 3027 1139 3121; baseline 0.003 -33"><span class='ocrx_word' id='word_1_271' title='bbox 108 3090 145 3121; x_wconf 38' lang='lat' dir='ltr'><strong>p</strong></span> <span class='ocrx_word' id='word_1_272' title='bbox 158 3029 227 3104; x_wconf 93' lang='lat' dir='ltr'><strong>quis</strong></span> <span class='ocrx_word' id='word_1_273' title='bbox 244 3042 299 3104; x_wconf 87' lang='lat' dir='ltr'><strong>per</strong></span> <span class='ocrx_word' id='word_1_274' title='bbox 313 3028 437 3089; x_wconf 77' lang='lat' dir='ltr'><strong>exitium</strong></span> <span class='ocrx_word' id='word_1_275' title='bbox 451 3029 550 3105; x_wconf 74' lang='lat' dir='ltr'><strong>gantis</strong></span> <span class='ocrx_word' id='word_1_276' title='bbox 565 3036 635 3089; x_wconf 89' lang='lat' dir='ltr'><strong>tuae</strong></span> <span class='ocrx_word' id='word_1_277' title='bbox 649 3027 785 3090; x_wconf 87' lang='lat' dir='ltr'><strong>vindicet</strong></span> <span class='ocrx_word' id='word_1_278' title='bbox 798 3038 851 3091; x_wconf 89' lang='lat' dir='ltr'><strong>ant</strong></span> <span class='ocrx_word' id='word_1_279' title='bbox 863 3045 919 3091; x_wconf 85' lang='lat' dir='ltr'><strong>rex</strong></span> <span class='ocrx_word' id='word_1_280' title='bbox 933 3047 952 3089; x_wconf 88' lang='lat' dir='ltr'><strong>s</strong></span> <span class='ocrx_word' id='word_1_281' title='bbox 966 3031 1139 3107; x_wconf 77' lang='lat' dir='ltr'><strong>longinquo</strong></span> 
     </span>
     <span class='ocr_line' id='line_1_35' title="bbox 157 3112 1138 3189; baseline 0.004 -17"><span class='ocrx_word' id='word_1_282' title='bbox 157 3119 268 3188; x_wconf 85' lang='lat' dir='ltr'><strong>potens</strong></span> <span class='ocrx_word' id='word_1_283' title='bbox 281 3113 426 3173; x_wconf 81' lang='lat' dir='ltr'><strong>advoieti</strong></span> <span class='ocrx_word' id='word_1_284' title='bbox 444 3124 640 3189; x_wconf 82' lang='lat' dir='ltr'><strong>quocumque</strong></span> <span class='ocrx_word' id='word_1_285' title='bbox 651 3112 838 3187; x_wconf 85' lang='lat' dir='ltr'><strong>respexeris,</strong></span> <span class='ocrx_word' id='word_1_286' title='bbox 851 3113 896 3173; x_wconf 84' lang='lat' dir='ltr'><strong>ibi</strong></span> <span class='ocrx_word' id='word_1_287' title='bbox 902 3115 1053 3176; x_wconf 75' lang='lat' dir='ltr'><strong>maiorum</strong></span> <span class='ocrx_word' id='word_1_288' title='bbox 1064 3115 1138 3176; x_wconf 87' lang='lat' dir='ltr'><strong>duis</strong></span> 
     </span>
     <span class='ocr_line' id='line_1_36' title="bbox 158 3193 1138 3271; baseline 0.004 -15"><span class='ocrx_word' id='word_1_289' title='bbox 158 3200 220 3256; x_wconf 66' lang='lat' dir='ltr'><strong>ests</strong></span> <span class='ocrx_word' id='word_1_290' title='bbox 242 3193 328 3256; x_wconf 89' lang='lat' dir='ltr'><strong>vides</strong></span> <span class='ocrx_word' id='word_1_291' title='bbox 351 3194 435 3256; x_wconf 91' lang='lat' dir='ltr'><strong>iilum</strong></span> <span class='ocrx_word' id='word_1_292' title='bbox 455 3194 651 3271; x_wconf 88' lang='lat' dir='ltr'><strong>praecipitem</strong></span> <span class='ocrx_word' id='word_1_293' title='bbox 672 3195 797 3255; x_wconf 78' lang='lat' dir='ltr'><strong>iocumr</strong></span> <span class='ocrx_word' id='word_1_294' title='bbox 819 3197 888 3257; x_wconf 90' lang='lat' dir='ltr'><strong>iiiac</strong></span> <span class='ocrx_word' id='word_1_295' title='bbox 908 3198 948 3257; x_wconf 88' lang='lat' dir='ltr'><strong>ad</strong></span> <span class='ocrx_word' id='word_1_296' title='bbox 964 3197 1138 3260; x_wconf 81' lang='lat' dir='ltr'><strong>iibertatem</strong></span> 
     </span>
     <span class='ocr_line' id='line_1_37' title="bbox 158 3276 1138 3358; baseline 0.004 -19"><span class='ocrx_word' id='word_1_297' title='bbox 158 3278 362 3339; x_wconf 81' lang='lat' dir='ltr'><strong>descenditur.</strong></span> <span class='ocrx_word' id='word_1_298' title='bbox 392 3279 481 3338; x_wconf 84' lang='lat' dir='ltr'><strong>vides</strong></span> <span class='ocrx_word' id='word_1_299' title='bbox 499 3277 577 3337; x_wconf 84' lang='lat' dir='ltr'><strong>iiied&#39;</strong></span> <span class='ocrx_word' id='word_1_300' title='bbox 588 3287 686 3350; x_wconf 83' lang='lat' dir='ltr'><strong>mare,</strong></span> <span class='ocrx_word' id='word_1_301' title='bbox 708 3276 783 3339; x_wconf 87' lang='lat' dir='ltr'><strong>iiirrd</strong></span> <span class='ocrx_word' id='word_1_302' title='bbox 797 3279 924 3354; x_wconf 76' lang='lat' dir='ltr'><strong>fiumen,</strong></span> <span class='ocrx_word' id='word_1_303' title='bbox 941 3281 1023 3341; x_wconf 91' lang='lat' dir='ltr'><strong>iiium</strong></span> <span class='ocrx_word' id='word_1_304' title='bbox 1048 3289 1138 3358; x_wconf 73' lang='lat' dir='ltr'><strong>pute</strong></span> 
     </span>
     <span class='ocr_line' id='line_1_38' title="bbox 158 3357 1138 3441; baseline 0.003 -18"><span class='ocrx_word' id='word_1_305' title='bbox 158 3366 232 3423; x_wconf 79' lang='lat' dir='ltr'><strong>uni-t</strong></span> <span class='ocrx_word' id='word_1_306' title='bbox 247 3361 370 3422; x_wconf 81' lang='lat' dir='ltr'><strong>libertas</strong></span> <span class='ocrx_word' id='word_1_307' title='bbox 384 3360 447 3421; x_wconf 87' lang='lat' dir='ltr'><strong>iiiic</strong></span> <span class='ocrx_word' id='word_1_308' title='bbox 460 3361 493 3420; x_wconf 85' lang='lat' dir='ltr'><strong>in</strong></span> <span class='ocrx_word' id='word_1_309' title='bbox 506 3360 569 3441; x_wconf 86' lang='lat' dir='ltr'><strong>imo</strong></span> <span class='ocrx_word' id='word_1_310' title='bbox 582 3359 681 3420; x_wconf 85' lang='lat' dir='ltr'><strong>sedet</strong></span> <span class='ocrx_word' id='word_1_311' title='bbox 709 3357 796 3423; x_wconf 90' lang='lat' dir='ltr'><strong>vides</strong></span> <span class='ocrx_word' id='word_1_312' title='bbox 812 3364 894 3423; x_wconf 89' lang='lat' dir='ltr'><strong>iiiam</strong></span> <span class='ocrx_word' id='word_1_313' title='bbox 907 3365 1049 3425; x_wconf 85' lang='lat' dir='ltr'><strong>arborem</strong></span> <span class='ocrx_word' id='word_1_314' title='bbox 1065 3365 1138 3426; x_wconf 90' lang='lat' dir='ltr'><strong>bre·</strong></span> 
     </span>
     <span class='ocr_line' id='line_1_39' title="bbox 158 3442 1137 3517; baseline 0.01 -13"><span class='ocrx_word' id='word_1_315' title='bbox 158 3454 237 3515; x_wconf 80' lang='lat' dir='ltr'><strong>vern,</strong></span> <span class='ocrx_word' id='word_1_316' title='bbox 252 3444 441 3516; x_wconf 86' lang='lat' dir='ltr'><strong>retorridam,</strong></span> <span class='ocrx_word' id='word_1_317' title='bbox 457 3442 630 3502; x_wconf 80' lang='lat' dir='ltr'><strong>infelicent</strong></span> <span class='ocrx_word' id='word_1_318' title='bbox 657 3445 772 3517; x_wconf 83' lang='lat' dir='ltr'><strong>pendet</strong></span> <span class='ocrx_word' id='word_1_319' title='bbox 795 3445 866 3504; x_wconf 87' lang='lat' dir='ltr'><strong>inde</strong></span> <span class='ocrx_word' id='word_1_320' title='bbox 886 3447 1022 3508; x_wconf 84' lang='lat' dir='ltr'><strong>tibertus.</strong></span> <span class='ocrx_word' id='word_1_321' title='bbox 1041 3449 1137 3515; x_wconf 86' lang='lat' dir='ltr'><strong>vides</strong></span> 
     </span>
    </p>
   </div>
   <div class='ocr_carea' id='block_1_4' title="bbox 0 0 1194 3856">
    <p class='ocr_par' dir='ltr' id='par_1_9' title="bbox 0 0 1194 3856">
     <span class='ocr_line' id='line_1_40' title="bbox 0 0 1194 3856; baseline 0 0"><span class='ocrx_word' id='word_1_322' title='bbox 0 0 1194 3856; x_wconf 95' lang='lat' dir='ltr'><strong> </strong></span> 
     </span>
    </p>
   </div>
  </div>
 </body>
</html>
