2378 3856
154 227 215 293 1³4
338 229 372 288 L.
392 227 538 286 ANNAEI
561 224 737 286 SENECAE
758 226 860 286 nint.
882 226 934 285 Vl.

154 383 258 442 venire
273 380 366 442 hodie
382 387 480 454 potes,
497 380 585 438 cuius
600 395 651 439 res
668 387 728 438 tam
743 379 822 439 bene
838 380 960 455 positae
974 380 1139 443 iuudutue·

155 483 216 543 que
231 466 323 539 [sint],
345 470 379 523 ut
393 462 466 522 nihil
486 463 526 521 illi
542 462 719 537 procedenti
734 469 871 537 tempore
885 463 1058 523 timendum
1080 464 1142 525 sitt

154 550 271 609 Labant
285 547 416 606 hnmana
439 562 476 606 ac
490 544 589 606 linunt
611 560 713 621 neque
732 544 794 605 ulla
813 561 887 621 pars
907 546 990 607 vitae
1009 552 1140 608 nocuae

155 641 215 693 tom
234 631 369 691 obnoxia
388 639 442 691 aut
462 637 567 690 tenero
587 636 635 690 est
655 644 746 704 quom
767 645 849 703 quae
870 629 1005 690 maxime
1027 631 1139 705 ploeet,

154 717 289 791 ideoque
312 713 497 775 felicissimis
513 713 649 788 optanda
666 728 751 773 mors
766 720 823 786 est,
845 713 918 789 quia
936 713 967 772 in
985 720 1074 773 tanta
1095 714 1138 773 in·

155 799 327 860 constantia
342 798 492 872 turbaque
508 812 611 857 rerum
633 794 707 857 nihil
727 795 787 855 nisi
802 798 884 872 quod
901 797 1062 871 pmuedit
1074 811 1138 857 cer·

123 889 218 944 ntum
234 889 291 943 est
320 880 395 955 Quis
411 881 461 940 tibi
477 880 586 954 recipit
602 879 675 939 illud
691 878 744 938 filli
759 880 801 939 tui
816 879 1057 955 pulcherrimum
1071 895 1138 940 cor-

155 983 214 1042 pus
223 972 379 1024 etsnmma
391 963 517 1037 pudoris
532 963 671 1023 custodia
685 963 763 1022 inter
776 964 953 1024 luxuriosae
966 960 1054 1023 urbis
1065 978 1138 1024 ocu

156 1051 203 1107 ios
223 1052 438 1107 conservatum
463 1047 602 1121 potuisse
623 1055 653 1106 et
672 1047 798 1107 morbos
818 1045 861 1107 ita
880 1046 1026 1122 evadere,
1046 1053 1082 1107 ut
1099 1045 1139 1107 od

156 1136 343 1191 senectutem
358 1129 506 1190 inlaesum
519 1130 666 1205 pertenet
680 1130 797 1190 formae
810 1129 930 1191 decust
950 1128 1061 1205 cogita
1073 1131 1137 1189 ani·

156 1213 196 1274 mi
212 1213 294 1273 mille
308 1213 404 1273 labes.
432 1214 628 1288 nequeenim
643 1220 728 1273 recta
743 1212 865 1288 ingenio
880 1214 1003 1288 qualem
1016 1209 1050 1272 in
1064 1211 1137 1273 ndn-

156 1298 333 1359 lesccntiam
348 1313 437 1372 spem
452 1298 500 1356 sui
516 1298 660 1368 fecerant,
673 1310 773 1372 usque
787 1295 818 1356 in
830 1302 1022 1356 senectutem
1035 1303 1153 1371 portu-⁴

157 1383 270 1455 lerunt,
293 1380 350 1441 sed
369 1381 538 1440 interversa
558 1382 737 1455 plerumque
757 1387 843 1440 sunt=
872 1385 924 1440 aut
944 1394 1018 1438 sere
1036 1394 1137 1455 eoque

157 1464 278 1525 foedior
300 1463 420 1524 luxuria
439 1461 552 1522 invasit
572 1463 735 1537 coegitque
761 1463 970 1523 dehonestare
990 1464 1138 1538 speciosa

158 1545 317 1622 principia.
333 1553 385 1605 aut
400 1547 430 1605 in
447 1546 592 1620 popinam
607 1554 804 1622 ventremque
816 1548 942 1621 proiecti
952 1545 1045 1622 [mni]
1057 1562 1136 1607 surr

158 1643 269 1704 maque
294 1627 352 1688 iilis
375 1644 516 1688 curarum
537 1629 606 1700 luit,
635 1629 709 1702 quid
736 1636 855 1702 essent,
889 1627 965 1704 quid
987 1628 1136 1691 biberent

126 1713 255 1775 3Adice
269 1712 420 1783 incendia,
441 1712 557 1785 ruinas,
578 1713 738 1786 naunagn
757 1713 1024 1787 lacerationesque
1044 1713 1136 1773 medl-

160 1812 265 1856 corum
281 1812 356 1856 ossa
370 1795 449 1855 vivis
464 1797 628 1868 legentium
643 1803 674 1855 et
687 1804 767 1856 totas
782 1795 944 1856 inviscera
958 1811 1071 1858 manus
1085 1796 1136 1856 dc

159 1880 337 1938 mittentium
359 1887 390 1938 et
410 1894 470 1938 non
486 1895 545 1953 per
567 1879 736 1954 simplicem
758 1879 894 1939 dolorem
917 1879 1067 1954 pudenda
1088 1895 1136 1939 cu-

158 1961 299 2022 rontium.
330 1961 493 2036 posthaec
510 1963 632 2022 exilium
647 1976 764 2021 -non
780 1963 836 2022 luit
849 1963 1044 2024 innocentior
1055 1962 1136 2036 lilius

158 2053 230 2106 tuus
245 2061 337 2120 quam
348 2046 488 2120 Rutilius,
505 2061 774 2106 carcerem—non
788 2047 845 2106 luit
856 2046 1027 2122 sapientior
1047 2061 1137 2123 quem

159 2128 320 2202 Socrates,
346 2131 517 2191 voluntario
539 2131 665 2190 volnere
689 2129 868 2191 transfixum
897 2136 1136 2205 pectus—non

158 2215 214 2274 luit
227 2213 364 2275 sanctior
379 2231 469 2289 quarn
485 2215 573 2275 Coto:
597 2230 665 2276 cunr
680 2214 740 2272 ista
754 2213 961 2289 perspexeris,
981 2213 1068 2273 scies
1082 2228 1135 2287 op

160 2297 230 2357 time
251 2313 319 2357 curn
342 2296 390 2359 his
412 2299 468 2372 agi,
492 2314 573 2373 quos
588 2305 711 2369 natura,
735 2297 807 2371 quia
826 2297 896 2356 illos
913 2295 974 2356 hoc
995 2293 1137 2356 manebat

159 2381 241 2440 vitae
252 2382 445 2455 stipendium,
462 2383 521 2442 cito
535 2382 566 2440 in
580 2388 676 2441 tuturo
690 2380 815 2456 recepit
850 2377 928 2439 Nihil
943 2387 992 2441 est
1005 2386 1069 2439 tan
1083 2379 1135 2438 ial-

160 2464 211 2521 lax
227 2479 317 2537 quarn
332 2463 395 2522 vita
408 2464 548 2537 hnmana,
564 2463 636 2524 nihil
651 2472 712 2524 tam
726 2462 924 2524 insidiosum=
942 2478 1003 2524 non
1021 2461 1135 2522 meher-

159 2545 246 2604 cules
267 2544 431 2619 quisquam
449 2546 530 2605 illam
552 2547 738 2621 accepisset,
758 2547 817 2606 nisi
838 2547 963 2607 daremr
981 2544 1135 2608 inscienti·

159 2626 228 2686 bus.
250 2628 353 2701 itaque
365 2628 392 2686 si
408 2627 616 2688 felicissimum
628 2636 676 2688 est
689 2644 750 2688 non
766 2629 861 2705 nasci,
879 2629 1052 2704 proximum
1064 2634 1135 2705 puto

127 2714 145 2767 l
159 2707 245 2768 brevi
259 2714 355 2769 aetate
370 2710 532 2773 defunctos
549 2711 607 2770 cito
624 2711 653 2771 in
669 2712 820 2786 integrum
837 2713 964 2773 restitui.
992 2712 1136 2788 Propone

159 2792 234 2852 illud
250 2792 479 2854 acerbissimum
495 2795 548 2856 tibi
558 2803 690 2872 tempus,
706 2811 768 2871 quo
779 2794 911 2857 Seianus
922 2802 1041 2872 patrem
1052 2803 1136 2857 tuum

161 2877 260 2937 clienti
276 2893 333 2938 suo
350 2877 449 2939 Satrio
465 2878 610 2941 Secundo
627 2880 815 2956 congiarium
830 2880 922 2940 dedit.
947 2878 1137 2939 irascebamr

159 2959 201 3020 illi
214 2961 254 3020 ob
269 2978 361 3023 unum
373 2966 558 3024 autalterum
570 2964 825 3036 liberiosdlctum,
842 2964 925 3039 quod
933 2962 1043 3023 uoltus
1058 2963 1137 3023 ferre

158 3060 221 3103 non
236 3051 376 3119 potuerat
390 3045 534 3107 Seianum
548 3049 578 3106 in
594 3049 730 3107 cervices
744 3055 868 3108 nostros
887 3061 927 3106 ne
941 3044 1050 3121 inponi
1072 3044 1137 3121 qui·

160 3126 239 3195 dem,
255 3127 312 3184 sed
333 3127 509 3185 escendere.
539 3129 761 3189 decernebatur
776 3129 820 3190 illi
834 3137 935 3191 statuo
954 3128 984 3189 in
999 3126 1137 3204 Pompeii

160 3206 278 3265 theatro
295 3206 447 3279 ponenda,
467 3209 551 3280 qnod
566 3216 708 3268 exustum
720 3211 834 3273 caesar
847 3213 1016 3273 reficiebat.
1035 3214 1137 3273 excla-

132 3297 148 3349 t
163 3287 257 3349 mavit
271 3287 389 3348 Cordus
409 3295 499 3347 tunc
512 3303 603 3349 vere
624 3289 812 3353 theatrum
827 3297 966 3370 perire.
993 3296 1077 3370 Quid
1093 3312 1137 3356 cr-

161 3380 221 3446 go?
249 3388 309 3432 non
321 3378 512 3445 rumperetur
526 3386 621 3444 supra
638 3372 756 3436 cineres
773 3377 825 3436 cn.
840 3378 979 3455 Pompeii
993 3379 1138 3441 constitui

162 3453 303 3515 Seianum
319 3461 349 3516 et
361 3456 390 3515 in
403 3453 603 3515 monumentis
615 3456 738 3516 maximi
755 3458 946 3534 imperatoris
959 3460 1136 3524 consecrari
