2378 3856
159 190 205 257 04
437 194 471 254 L.
491 192 637 255 ,tunam
660 192 837 254 SENECAE

163 350 246 411 nulla
261 350 400 424 eruditio,
415 349 517 409 nullus
533 347 687 409 literarum
700 347 800 407 cultus
816 346 973 407 inbuerata
988 346 1075 411 dabo
1090 348 1141 413 tlbt

162 450 200 494 ex
217 432 391 494 Aristotelis
409 434 479 493 sinu
492 446 596 506 regem
610 430 829 504 Alexandrum,
853 430 906 505 qui
920 430 1032 493 clitum
1048 434 1139 495 caria

163 518 272 578 simum
287 515 344 576 sibi
360 522 391 575 et
403 532 465 576 una
478 515 640 577 educatum
653 515 732 575 inter
745 514 854 590 epulas
868 514 1038 577 transfodit
1051 532 1140 579 manu

164 600 285 675 quidem
303 614 369 674 sua,
391 616 497 675 pamm
515 600 686 660 adulantem
701 605 732 658 et
749 598 837 674 pigre
857 613 897 658 ex
910 596 1090 661 Macedom
1106 616 1141 661 ac

130 683 258 749 alibero
274 684 302 743 in
312 682 465 744 Persicam
481 682 656 744 servitutem
671 688 889 742 transeuntem.
914 696 988 743 nam
998 682 1139 763 Lysima-

162 767 252 827 chum
267 780 367 842 aeque
388 768 565 827 familiarem
582 765 639 825 sibi
653 764 736 826 leoni
750 763 871 825 obiecit
898 767 1054 843 numquid
1068 782 1139 843 ergo

161 850 421 929 hicLysimachus
436 850 577 911 felicitate
593 849 724 924 quadam
740 846 884 909 dentibus
895 849 998 911 leonis
1012 852 1139 927 elapsus

128 946 146 1000 a
161 934 201 994 ob
216 934 286 1009 boc,
308 949 377 994 cum
392 933 461 1009 ipse
475 939 631 1008 regnaret,
655 933 754 993 mitior
776 932 850 992 fuiti
877 931 953 992 Nam
968 932 1138 1011 Telespho-

160 1034 226 1076 rum
244 1017 398 1079 Rhodium
419 1017 547 1076 amicum
567 1032 657 1076 suum
678 1017 816 1091 undique
833 1014 1045 1093 decurtatum,
1074 1032 1138 1079 cum

160 1116 252 1160 aures
273 1101 314 1161 illi
336 1116 507 1176 nasumque
531 1099 729 1175 abscidisset,
752 1100 782 1160 in
802 1115 897 1160 cavea
916 1100 1004 1162 velta
1023 1116 1138 1163 noveru

161 1184 271 1244 animal
285 1184 411 1259 aliquod
427 1191 457 1244 et
472 1183 650 1246 inusitatum
665 1184 718 1244 diu
732 1184 824 1259 pavit,
847 1184 996 1244 cumeris
1013 1184 1138 1247 detrun·

160 1267 219 1329 cati
234 1269 423 1345 mutilatique
438 1268 615 1330 deformitas
633 1267 796 1328 humanam
810 1266 918 1327 faciem
939 1268 1138 1343 perdidisset

160 1352 327 1413 accedebat
344 1355 441 1413 fames
458 1361 489 1413 et
503 1352 678 1437 squalor,et
693 1350 824 1412 inluvies
844 1351 988 1426 corporis
1007 1350 1042 1412 iu
1063 1360 1137 1415 ster·

127 1438 145 1492 4
160 1451 233 1495 core
247 1452 306 1497 suo
322 1437 466 1497 destituti.
493 1436 618 1496 callosis
634 1451 729 1511 super
744 1434 821 1494 llaec
835 1434 966 1510 genibus
980 1435 1136 1497 menibus·

160 1534 229 1592 que,
247 1536 324 1594 quas
341 1521 370 1579 in
384 1535 473 1580 usum
489 1519 601 1595 pedum
616 1520 776 1593 augustiae
786 1518 846 1578 loci
859 1519 1022 1593 cogebant,
1039 1519 1137 1581 lateri

159 1601 218 1662 bus
235 1617 308 1663 vero
324 1602 436 1664 adtritu
449 1602 632 1664 exulceratis
644 1620 704 1663 non
720 1604 820 1663 minus
836 1601 928 1663 foeda
941 1618 1039 1677 quam
1052 1602 1136 1665 terri·
1175 1642 1178 1651 ·

159 1685 229 1744 bilis
241 1694 307 1747 erat
321 1688 418 1747 forma
432 1686 685 1761 eiusvisentibus,
700 1688 863 1760 factusque
875 1701 1135 1761 poenasuamou-

160 1776 256 1829 stmm
272 1769 513 1831 misericordiam
533 1786 658 1846 quoque
672 1771 831 1831 amiserat=
857 1776 958 1830 tamen
980 1785 1054 1832 cum
1076 1771 1136 1831 dis·

160 1852 330 1914 simillimus
337 1861 421 1914 esset
435 1854 548 1916 homini
557 1854 608 1930 qui
623 1854 861 1930 impellebatur,
876 1853 1061 1917 dissimilior
1074 1860 1138 1917 erat

159 1936 210 2010 qui
221 1937 360 1998 iaciebat.

129 2041 140 2092 1
220 2019 328 2079 xvill.
349 2019 470 2082 Utinam
491 2022 550 2082 ista
565 2018 692 2081 saevitia
714 2021 791 2082 intra
809 2021 971 2097 peregrina
991 2023 1137 2099 exempla

158 2102 323 2165 mansisset
343 2121 401 2165 nec
426 2107 455 2165 in
474 2105 632 2167 Romanos
652 2120 754 2166 mores
775 2120 845 2165 cum
864 2103 933 2165 aliis
954 2104 1137 2167 adventiciis

157 2185 239 2249 vitiis
253 2189 342 2250 etiam
358 2187 577 2265 suppliciorum
600 2190 775 2264 irarumque
796 2188 938 2249 barbaria
956 2188 1136 2251 transisset!

157 2270 308 2334 Miliaria
330 2273 379 2335 cui
395 2274 516 2334 vicatim
535 2275 670 2348 populus
691 2280 807 2334 statuas
822 2278 978 2348 posuerat,
999 2272 1050 2333 cui
1072 2281 1138 2335 ture

158 2370 194 2415 ac
207 2356 301 2417 vino*
318 2358 521 2434 supplicabat,
535 2358 568 2417 L.
585 2355 669 2417 Sulla
685 2356 849 2432 praefringi
864 2371 962 2429 amru,
977 2356 1047 2417 erui
1062 2373 1136 2419 ocu-

157 2439 214 2512 los,
231 2444 378 2516 amputari
390 2458 499 2502 manus
514 2441 603 2501 iussit
615 2448 646 2501 et
657 2439 747 2515 quasi
762 2441 873 2501 totiens
888 2440 1044 2502 occideret
1059 2457 1137 2518 quo·

157 2522 236 2582 tiens
256 2524 443 2597 vulnerabat
461 2524 604 2600 paulatim
618 2531 649 2584 et
659 2540 714 2599 per
729 2523 867 2598 singulos
879 2531 963 2585 artus
977 2523 1136 2587 laceravit

125 2616 143 2669 2
158 2604 232 2678 Quis
246 2613 312 2666 erat
326 2606 441 2680 [buius]
458 2606 576 2682 imperii
591 2606 748 2667 ministert
774 2608 843 2683 quis
858 2608 917 2670 nisi
931 2607 1062 2669 Catilina
1075 2608 1136 2669 iam

156 2689 186 2747 in
202 2702 292 2748 omne
307 2690 427 2749 facinus
447 2704 556 2749 manus
577 2697 748 2750 exercenst
775 2692 802 2752 is
821 2689 903 2753 illum
923 2699 995 2755 ante
1008 2690 1136 2753 bustum

157 2772 191 2846 Q.
213 2771 309 2832 Catuli
330 2773 476 2848 carpebat
495 2772 695 2849 gravissimus
715 2773 865 2836 mitissimi
886 2774 942 2835 viri
967 2775 1136 2854 cineribus,

157 2873 251 2932 supro
265 2873 344 2931 quos
359 2857 406 2917 vir
420 2859 489 2918 mali
504 2857 646 2933 exempli,
662 2858 821 2934 popularis
835 2866 936 2919 tamen
948 2866 980 2919 et
993 2874 1057 2919 non
1072 2868 1135 2921 tarn

155 2941 294 3002 inmerito
310 2958 401 3017 quam
416 2944 505 3003 nimis
517 2948 636 3003 amatus
652 2959 707 3017 per
717 2941 869 3003 stillicidia
886 2942 1069 3017 sanguinem
1080 2944 1135 3004 da-

154 3023 216 3086 bat
239 3026 356 3102 Dignus
372 3034 437 3088 erat
446 3027 561 3087 Marius
576 3027 628 3102 qui
640 3026 691 3086 illa
705 3033 867 3102 pateretur,
882 3025 968 3088 Sulla
982 3026 1035 3102 qui
1047 3027 1134 3088 iube

155 3113 216 3180 ret,
237 3108 364 3169 Catilina
378 3110 429 3184 qui
444 3112 566 3184 faceret,
589 3110 646 3169 sed
660 3110 785 3186 indigna
798 3111 976 3186 respublica
997 3126 1082 3187 quae
1103 3112 1134 3171 in

158 3205 273 3264 corpus
289 3208 377 3252 suum
394 3193 506 3267 pariter
520 3201 550 3254 et
563 3192 694 3253 hostium
709 3201 740 3254 et
753 3194 907 3255 vindicum
918 3194 1040 3269 gladios
1054 3195 1135 3255 reci-

123 3291 141 3346 3
156 3280 251 3349 peret.
273 3274 351 3348 Quid
366 3277 492 3351 antiqua
505 3282 700 3352 perscrutort
719 3278 812 3339 modo
828 3277 859 3337 C.
874 3277 989 3339 caesar
1002 3275 1135 3342 Sextum

154 3356 328 3436 Papirium,
353 3360 402 3420 cui
418 3365 505 3434 pater
519 3368 583 3421 erat
603 3360 784 3437 consularis,
806 3360 984 3422 Betilienum
996 3361 1134 3427 Bassum

156 3450 350 3517 quaestorem
364 3460 462 3520 suum,
478 3446 686 3521 procuratoris
698 3446 746 3505 sui
760 3446 865 3520 lilium,
880 3447 1022 3523 aliosque
1035 3454 1069 3509 et
1082 3462 1134 3510 se·
