<?xml version="1.0" encoding="UTF-8"?>
<!DOCTYPE html PUBLIC "-//W3C//DTD XHTML 1.0 Transitional//EN"
    "http://www.w3.org/TR/xhtml1/DTD/xhtml1-transitional.dtd">
<html xmlns="http://www.w3.org/1999/xhtml" xml:lang="en" lang="en">
 <head>
  <title>
</title>
<meta http-equiv="Content-Type" content="text/html;charset=utf-8" />
  <meta name='ocr-system' content='tesseract 3.04.00' />
  <meta name='ocr-capabilities' content='ocr_page ocr_carea ocr_par ocr_line ocrx_word'/>
</head>
<body>
  <div class='ocr_page' id='page_1' title='image "./lannaeisenecaeo03senegoog_0078.png"; bbox 0 0 2378 3856; ppageno 0'>
   <div class='ocr_carea' id='block_1_1' title="bbox 246 197 1055 284">
    <p class='ocr_par' dir='ltr' id='par_1_1' title="bbox 246 197 1055 284">
     <span class='ocr_line' id='line_1_1' title="bbox 246 197 1055 284; baseline 0.006 -6"><span class='ocrx_word' id='word_1_1' title='bbox 246 197 348 280; x_wconf 76' lang='lat' dir='ltr'>nunu.</span> <span class='ocrx_word' id='word_1_2' title='bbox 370 221 422 279; x_wconf 82' lang='lat' dir='ltr'>w.</span> <span class='ocrx_word' id='word_1_3' title='bbox 451 220 501 280; x_wconf 83' lang='lat' dir='ltr'>uu</span> <span class='ocrx_word' id='word_1_4' title='bbox 523 221 593 280; x_wconf 80' lang='lat' dir='ltr'>raa</span> <span class='ocrx_word' id='word_1_5' title='bbox 617 221 687 280; x_wconf 83' lang='lat' dir='ltr'>tra.</span> <span class='ocrx_word' id='word_1_6' title='bbox 709 220 745 278; x_wconf 88' lang='lat' dir='ltr'>n.</span> <span class='ocrx_word' id='word_1_7' title='bbox 766 228 897 280; x_wconf 76' lang='lat'>10—12.</span> <span class='ocrx_word' id='word_1_8' title='bbox 1019 218 1055 284; x_wconf 82' lang='lat' dir='ltr'>cr</span> 
     </span>
    </p>
   </div>
   <div class='ocr_carea' id='block_1_2' title="bbox 41 369 1168 3528">
    <p class='ocr_par' dir='ltr' id='par_1_2' title="bbox 80 369 1168 1275">
     <span class='ocr_line' id='line_1_2' title="bbox 80 369 1060 446; baseline 0 -15"><span class='ocrx_word' id='word_1_9' title='bbox 80 388 143 432; x_wconf 87' lang='lat' dir='ltr'>nun</span> <span class='ocrx_word' id='word_1_10' title='bbox 157 371 277 432; x_wconf 89' lang='lat' dir='ltr'>timetur</span> <span class='ocrx_word' id='word_1_11' title='bbox 290 369 393 444; x_wconf 82' lang='lat' dir='ltr'>febris,</span> <span class='ocrx_word' id='word_1_12' title='bbox 409 371 555 446; x_wconf 86' lang='lat' dir='ltr'>podagra,</span> <span class='ocrx_word' id='word_1_13' title='bbox 573 371 661 429; x_wconf 87' lang='lat' dir='ltr'>ulcus</span> <span class='ocrx_word' id='word_1_14' title='bbox 674 370 810 432; x_wconf 67' lang='lat' dir='ltr'>malum?</span> <span class='ocrx_word' id='word_1_15' title='bbox 830 369 979 444; x_wconf 91' lang='lat' dir='ltr'>numquid</span> <span class='ocrx_word' id='word_1_16' title='bbox 990 370 1060 431; x_wconf 91' lang='lat' dir='ltr'>ideo</span> 
     </span>
     <span class='ocr_line' id='line_1_3' title="bbox 83 452 1061 530; baseline -0.004 -14"><span class='ocrx_word' id='word_1_17' title='bbox 83 453 248 530; x_wconf 87' lang='lat' dir='ltr'>quicquam</span> <span class='ocrx_word' id='word_1_18' title='bbox 273 453 392 514; x_wconf 89' lang='lat' dir='ltr'>inistis</span> <span class='ocrx_word' id='word_1_19' title='bbox 416 454 488 514; x_wconf 89' lang='lat' dir='ltr'>boni</span> <span class='ocrx_word' id='word_1_20' title='bbox 513 459 583 513; x_wconf 81' lang='lat' dir='ltr'>estt</span> <span class='ocrx_word' id='word_1_21' title='bbox 614 461 643 512; x_wconf 89' lang='lat' dir='ltr'>at</span> <span class='ocrx_word' id='word_1_22' title='bbox 664 460 769 513; x_wconf 89' lang='lat' dir='ltr'>contra</span> <span class='ocrx_word' id='word_1_23' title='bbox 790 452 893 512; x_wconf 85' lang='lat' dir='ltr'>omnia</span> <span class='ocrx_word' id='word_1_24' title='bbox 914 453 1061 528; x_wconf 88' lang='lat' dir='ltr'>despecta</span> 
     </span>
     <span class='ocr_line' id='line_1_4' title="bbox 81 536 1061 612; baseline -0.002 -15"><span class='ocrx_word' id='word_1_25' title='bbox 81 539 235 612; x_wconf 83' lang='lat' dir='ltr'>taedaque</span> <span class='ocrx_word' id='word_1_26' title='bbox 250 538 280 597; x_wconf 84' lang='lat' dir='ltr'>et</span> <span class='ocrx_word' id='word_1_27' title='bbox 294 538 395 612; x_wconf 87' lang='lat' dir='ltr'>turpia</span> <span class='ocrx_word' id='word_1_28' title='bbox 410 537 479 612; x_wconf 90' lang='lat' dir='ltr'>ipsc</span> <span class='ocrx_word' id='word_1_29' title='bbox 494 553 555 611; x_wconf 90' lang='lat' dir='ltr'>quo</span> <span class='ocrx_word' id='word_1_30' title='bbox 570 536 726 597; x_wconf 80' lang='lat' dir='ltr'>timentur:</span> <span class='ocrx_word' id='word_1_31' title='bbox 750 536 796 596; x_wconf 87' lang='lat' dir='ltr'>sic</span> <span class='ocrx_word' id='word_1_32' title='bbox 815 536 861 596; x_wconf 90' lang='lat' dir='ltr'>ira</span> <span class='ocrx_word' id='word_1_33' title='bbox 882 551 938 610; x_wconf 89' lang='lat' dir='ltr'>per</span> <span class='ocrx_word' id='word_1_34' title='bbox 958 551 993 596; x_wconf 88' lang='lat' dir='ltr'>se</span> <span class='ocrx_word' id='word_1_35' title='bbox 1008 536 1061 596; x_wconf 93' lang='lat' dir='ltr'>de·</span> 
     </span>
     <span class='ocr_line' id='line_1_5' title="bbox 82 618 1168 694; baseline -0.002 -13"><span class='ocrx_word' id='word_1_36' title='bbox 82 621 187 681; x_wconf 90' lang='lat' dir='ltr'>icrmis</span> <span class='ocrx_word' id='word_1_37' title='bbox 204 628 251 681; x_wconf 91' lang='lat' dir='ltr'>est</span> <span class='ocrx_word' id='word_1_38' title='bbox 265 629 296 680; x_wconf 88' lang='lat' dir='ltr'>et</span> <span class='ocrx_word' id='word_1_39' title='bbox 309 621 433 681; x_wconf 82' lang='lat' dir='ltr'>minime·</span> <span class='ocrx_word' id='word_1_40' title='bbox 445 620 621 691; x_wconf 86' lang='lat' dir='ltr'>metuenda,</span> <span class='ocrx_word' id='word_1_41' title='bbox 643 626 674 678; x_wconf 92' lang='lat' dir='ltr'>at</span> <span class='ocrx_word' id='word_1_42' title='bbox 694 620 812 679; x_wconf 87' lang='lat' dir='ltr'>timetur</span> <span class='ocrx_word' id='word_1_43' title='bbox 832 636 850 679; x_wconf 88' lang='lat' dir='ltr'>a</span> <span class='ocrx_word' id='word_1_44' title='bbox 866 618 1004 694; x_wconf 85' lang='lat' dir='ltr'>pluribus</span> <span class='ocrx_word' id='word_1_45' title='bbox 1020 618 1060 679; x_wconf 91' lang='lat' dir='ltr'>si·</span> <span class='ocrx_word' id='word_1_46' title='bbox 1159 679 1168 691; x_wconf 79' lang='grc'>,</span> 
     </span>
     <span class='ocr_line' id='line_1_6' title="bbox 82 703 1089 779; baseline -0.001 -14"><span class='ocrx_word' id='word_1_47' title='bbox 82 711 134 765; x_wconf 90' lang='lat' dir='ltr'>cut</span> <span class='ocrx_word' id='word_1_48' title='bbox 146 703 293 765; x_wconf 84' lang='lat' dir='ltr'>deformis</span> <span class='ocrx_word' id='word_1_49' title='bbox 309 719 443 779; x_wconf 87' lang='lat' dir='ltr'>persona</span> <span class='ocrx_word' id='word_1_50' title='bbox 458 705 497 764; x_wconf 85' lang='lat' dir='ltr'>ab</span> <span class='ocrx_word' id='word_1_51' title='bbox 513 703 687 762; x_wconf 82' lang='lat' dir='ltr'>infantibus.</span> <span class='ocrx_word' id='word_1_52' title='bbox 718 703 810 774; x_wconf 82' lang='lat' dir='ltr'>Quid,</span> <span class='ocrx_word' id='word_1_53' title='bbox 833 703 917 776; x_wconf 89' lang='lat' dir='ltr'>quod</span> <span class='ocrx_word' id='word_1_54' title='bbox 938 709 1089 776; x_wconf 82' lang='lat' dir='ltr'>semper3</span> 
     </span>
     <span class='ocr_line' id='line_1_7' title="bbox 81 784 1062 861; baseline -0.001 -15"><span class='ocrx_word' id='word_1_55' title='bbox 81 788 112 847; x_wconf 93' lang='lat' dir='ltr'>in</span> <span class='ocrx_word' id='word_1_56' title='bbox 137 794 278 848; x_wconf 75' lang='lat' dir='ltr'><strong>auctores</strong></span> <span class='ocrx_word' id='word_1_57' title='bbox 302 787 456 848; x_wconf 85' lang='lat' dir='ltr'>redundat</span> <span class='ocrx_word' id='word_1_58' title='bbox 474 787 563 847; x_wconf 85' lang='lat' dir='ltr'>timor</span> <span class='ocrx_word' id='word_1_59' title='bbox 582 802 639 846; x_wconf 90' lang='lat' dir='ltr'>nec</span> <span class='ocrx_word' id='word_1_60' title='bbox 660 785 823 860; x_wconf 87' lang='lat' dir='ltr'>quisquam</span> <span class='ocrx_word' id='word_1_61' title='bbox 838 784 980 846; x_wconf 91' lang='lat' dir='ltr'>metuitur</span> <span class='ocrx_word' id='word_1_62' title='bbox 993 787 1062 861; x_wconf 88' lang='lat' dir='ltr'>ipse</span> 
     </span>
     <span class='ocr_line' id='line_1_8' title="bbox 81 868 1118 940; baseline -0.004 -8"><span class='ocrx_word' id='word_1_63' title='bbox 81 876 235 932; x_wconf 67' lang='lat' dir='ltr'>securus?</span> <span class='ocrx_word' id='word_1_64' title='bbox 274 878 415 931; x_wconf 86' lang='lat' dir='ltr'>occurrat</span> <span class='ocrx_word' id='word_1_65' title='bbox 434 870 495 930; x_wconf 91' lang='lat' dir='ltr'>hoc</span> <span class='ocrx_word' id='word_1_66' title='bbox 515 868 584 930; x_wconf 89' lang='lat' dir='ltr'>loco</span> <span class='ocrx_word' id='word_1_67' title='bbox 604 869 658 929; x_wconf 87' lang='lat' dir='ltr'>tibi</span> <span class='ocrx_word' id='word_1_68' title='bbox 672 869 860 930; x_wconf 81' lang='lat' dir='ltr'><strong>Laberianus</strong></span> <span class='ocrx_word' id='word_1_69' title='bbox 875 869 925 928; x_wconf 90' lang='lat' dir='ltr'>ille</span> <span class='ocrx_word' id='word_1_70' title='bbox 939 884 1059 940; x_wconf 86' lang='lat' dir='ltr'>versus,</span> <span class='ocrx_word' id='word_1_71' title='bbox 1116 918 1118 928; x_wconf 75' lang='grc'><strong><em>,</em></strong></span> 
     </span>
     <span class='ocr_line' id='line_1_9' title="bbox 82 952 1061 1030; baseline -0.003 -16"><span class='ocrx_word' id='word_1_72' title='bbox 82 953 136 1030; x_wconf 92' lang='lat' dir='ltr'>qui</span> <span class='ocrx_word' id='word_1_73' title='bbox 150 953 250 1014; x_wconf 88' lang='lat' dir='ltr'>medio</span> <span class='ocrx_word' id='word_1_74' title='bbox 266 955 344 1014; x_wconf 86' lang='lat' dir='ltr'>civili</span> <span class='ocrx_word' id='word_1_75' title='bbox 360 955 440 1014; x_wconf 86' lang='lat' dir='ltr'>betlc</span> <span class='ocrx_word' id='word_1_76' title='bbox 456 954 485 1012; x_wconf 93' lang='lat' dir='ltr'>in</span> <span class='ocrx_word' id='word_1_77' title='bbox 497 953 614 1014; x_wconf 89' lang='lat' dir='ltr'>theatro</span> <span class='ocrx_word' id='word_1_78' title='bbox 630 953 729 1013; x_wconf 85' lang='lat' dir='ltr'>dictus</span> <span class='ocrx_word' id='word_1_79' title='bbox 744 960 840 1012; x_wconf 87' lang='lat' dir='ltr'>totum</span> <span class='ocrx_word' id='word_1_80' title='bbox 854 952 884 1011; x_wconf 91' lang='lat' dir='ltr'>in</span> <span class='ocrx_word' id='word_1_81' title='bbox 907 967 942 1011; x_wconf 89' lang='lat' dir='ltr'>se</span> <span class='ocrx_word' id='word_1_82' title='bbox 963 968 1061 1030; x_wconf 86' lang='lat' dir='ltr'>papu-</span> 
     </span>
     <span class='ocr_line' id='line_1_10' title="bbox 82 1034 1061 1112; baseline -0.003 -16"><span class='ocrx_word' id='word_1_83' title='bbox 82 1041 144 1098; x_wconf 88' lang='lat' dir='ltr'>tum</span> <span class='ocrx_word' id='word_1_84' title='bbox 158 1053 219 1097; x_wconf 92' lang='lat' dir='ltr'>non</span> <span class='ocrx_word' id='word_1_85' title='bbox 234 1037 319 1097; x_wconf 87' lang='lat' dir='ltr'>aliter</span> <span class='ocrx_word' id='word_1_86' title='bbox 335 1036 498 1110; x_wconf 87' lang='lat' dir='ltr'>convertit,</span> <span class='ocrx_word' id='word_1_87' title='bbox 515 1053 606 1112; x_wconf 89' lang='lat' dir='ltr'>quam</span> <span class='ocrx_word' id='word_1_88' title='bbox 622 1037 648 1096; x_wconf 88' lang='lat' dir='ltr'>si</span> <span class='ocrx_word' id='word_1_89' title='bbox 663 1037 758 1096; x_wconf 89' lang='lat' dir='ltr'>missa</span> <span class='ocrx_word' id='word_1_90' title='bbox 772 1042 857 1096; x_wconf 88' lang='lat' dir='ltr'>esset</span> <span class='ocrx_word' id='word_1_91' title='bbox 871 1052 932 1094; x_wconf 85' lang='lat' dir='ltr'>vox</span> <span class='ocrx_word' id='word_1_92' title='bbox 948 1034 1061 1110; x_wconf 86' lang='lat' dir='ltr'>publici</span> 
     </span>
     <span class='ocr_line' id='line_1_11' title="bbox 82 1122 363 1183; baseline 0.011 -3"><span class='ocrx_word' id='word_1_93' title='bbox 82 1122 237 1181; x_wconf 84' lang='lat' dir='ltr'>adiectus:</span> <span class='ocrx_word' id='word_1_94' title='bbox 362 1180 363 1183; x_wconf 74' lang='grc'>,</span> 
     </span>
     <span class='ocr_line' id='line_1_12' title="bbox 115 1205 935 1275; baseline -0.009 -10"><span class='ocrx_word' id='word_1_95' title='bbox 115 1252 117 1256; x_wconf 87' lang='grc'>.</span> <span class='ocrx_word' id='word_1_96' title='bbox 207 1205 332 1264; x_wconf 79' lang='lat' dir='ltr'>Necesse</span> <span class='ocrx_word' id='word_1_97' title='bbox 345 1213 389 1264; x_wconf 86' lang='lat' dir='ltr'>est</span> <span class='ocrx_word' id='word_1_98' title='bbox 398 1208 502 1265; x_wconf 82' lang='lat' dir='ltr'>mattos</span> <span class='ocrx_word' id='word_1_99' title='bbox 515 1206 614 1263; x_wconf 81' lang='lat' dir='ltr'>timeat</span> <span class='ocrx_word' id='word_1_100' title='bbox 632 1217 716 1275; x_wconf 77' lang='lat' dir='ltr'>pacm</span> <span class='ocrx_word' id='word_1_101' title='bbox 729 1205 815 1262; x_wconf 79' lang='lat' dir='ltr'>multi</span> <span class='ocrx_word' id='word_1_102' title='bbox 826 1205 935 1261; x_wconf 80' lang='lat' dir='ltr'>timent.</span> 
     </span>
    </p>

    <p class='ocr_par' dir='ltr' id='par_1_3' title="bbox 41 1284 1155 2526">
     <span class='ocr_line' id='line_1_13' title="bbox 80 1284 1091 1360; baseline -0.002 -14"><span class='ocrx_word' id='word_1_103' title='bbox 80 1289 125 1347; x_wconf 88' lang='lat' dir='ltr'>Ita</span> <span class='ocrx_word' id='word_1_104' title='bbox 139 1296 246 1349; x_wconf 88' lang='lat' dir='ltr'>natura</span> <span class='ocrx_word' id='word_1_105' title='bbox 261 1285 423 1359; x_wconf 81' lang='lat' dir='ltr'>constituit,</span> <span class='ocrx_word' id='word_1_106' title='bbox 439 1293 472 1348; x_wconf 88' lang='lat' dir='ltr'>ut</span> <span class='ocrx_word' id='word_1_107' title='bbox 483 1285 631 1360; x_wconf 88' lang='lat' dir='ltr'>quiequid</span> <span class='ocrx_word' id='word_1_108' title='bbox 641 1284 741 1344; x_wconf 87' lang='lat' dir='ltr'>alieno</span> <span class='ocrx_word' id='word_1_109' title='bbox 753 1292 835 1344; x_wconf 89' lang='lat' dir='ltr'>metu</span> <span class='ocrx_word' id='word_1_110' title='bbox 848 1299 990 1358; x_wconf 86' lang='lat' dir='ltr'>magnum</span> <span class='ocrx_word' id='word_1_111' title='bbox 1003 1293 1059 1357; x_wconf 89' lang='lat' dir='ltr'>est,</span> <span class='ocrx_word' id='word_1_112' title='bbox 1073 1299 1091 1350; x_wconf 80' lang='lat'>4</span> 
     </span>
     <span class='ocr_line' id='line_1_14' title="bbox 81 1366 1155 1442; baseline -0.004 -13"><span class='ocrx_word' id='word_1_113' title='bbox 81 1387 172 1431; x_wconf 88' lang='lat' dir='ltr'>asuo</span> <span class='ocrx_word' id='word_1_114' title='bbox 187 1387 248 1430; x_wconf 91' lang='lat' dir='ltr'>non</span> <span class='ocrx_word' id='word_1_115' title='bbox 264 1376 362 1429; x_wconf 85' lang='lat' dir='ltr'>vacet.</span> <span class='ocrx_word' id='word_1_116' title='bbox 394 1370 530 1429; x_wconf 87' lang='lat' dir='ltr'>Leonum</span> <span class='ocrx_word' id='word_1_117' title='bbox 551 1383 642 1442; x_wconf 90' lang='lat' dir='ltr'>quam</span> <span class='ocrx_word' id='word_1_118' title='bbox 664 1366 776 1441; x_wconf 89' lang='lat' dir='ltr'>pavida</span> <span class='ocrx_word' id='word_1_119' title='bbox 796 1374 868 1428; x_wconf 89' lang='lat' dir='ltr'>sunt</span> <span class='ocrx_word' id='word_1_120' title='bbox 881 1367 922 1426; x_wconf 93' lang='lat' dir='ltr'>ad</span> <span class='ocrx_word' id='word_1_121' title='bbox 941 1367 1060 1426; x_wconf 87' lang='lat' dir='ltr'>levissi—</span> <span class='ocrx_word' id='word_1_122' title='bbox 1154 1393 1155 1396; x_wconf 37' lang='lat'>¹</span> 
     </span>
     <span class='ocr_line' id='line_1_15' title="bbox 80 1451 1102 1527; baseline -0.004 -15"><span class='ocrx_word' id='word_1_123' title='bbox 80 1471 149 1514; x_wconf 86' lang='lat' dir='ltr'>mus</span> <span class='ocrx_word' id='word_1_124' title='bbox 175 1468 270 1515; x_wconf 88' lang='lat' dir='ltr'>senos</span> <span class='ocrx_word' id='word_1_125' title='bbox 292 1459 438 1527; x_wconf 86' lang='lat' dir='ltr'>pectorat</span> <span class='ocrx_word' id='word_1_126' title='bbox 470 1451 634 1512; x_wconf 86' lang='lat' dir='ltr'>acerrimas</span> <span class='ocrx_word' id='word_1_127' title='bbox 660 1451 740 1510; x_wconf 90' lang='lat' dir='ltr'>ieras</span> <span class='ocrx_word' id='word_1_128' title='bbox 764 1451 926 1511; x_wconf 89' lang='lat' dir='ltr'>umbra·et</span> <span class='ocrx_word' id='word_1_129' title='bbox 947 1466 1008 1509; x_wconf 86' lang='lat' dir='ltr'>vax</span> <span class='ocrx_word' id='word_1_130' title='bbox 1034 1456 1063 1509; x_wconf 87' lang='lat' dir='ltr'>et</span> <span class='ocrx_word' id='word_1_131' title='bbox 1100 1456 1102 1460; x_wconf 82' lang='grc'>’</span> 
     </span>
     <span class='ocr_line' id='line_1_16' title="bbox 80 1531 1060 1609; baseline -0.005 -13"><span class='ocrx_word' id='word_1_132' title='bbox 80 1538 160 1598; x_wconf 89' lang='lat' dir='ltr'>oder</span> <span class='ocrx_word' id='word_1_133' title='bbox 184 1535 326 1595; x_wconf 85' lang='lat' dir='ltr'>insolitus</span> <span class='ocrx_word' id='word_1_134' title='bbox 347 1535 489 1609; x_wconf 87' lang='lat' dir='ltr'>exagitat.</span> <span class='ocrx_word' id='word_1_135' title='bbox 534 1531 680 1608; x_wconf 89' lang='lat' dir='ltr'>quicquid</span> <span class='ocrx_word' id='word_1_136' title='bbox 696 1533 758 1607; x_wconf 91' lang='lat' dir='ltr'>[de]</span> <span class='ocrx_word' id='word_1_137' title='bbox 771 1540 863 1593; x_wconf 88' lang='lat' dir='ltr'>terret</span> <span class='ocrx_word' id='word_1_138' title='bbox 876 1542 906 1594; x_wconf 89' lang='lat' dir='ltr'>et</span> <span class='ocrx_word' id='word_1_139' title='bbox 919 1533 1060 1607; x_wconf 78' lang='lat' dir='ltr'>trepidat.</span> 
     </span>
     <span class='ocr_line' id='line_1_17' title="bbox 80 1615 1061 1693; baseline -0.004 -14"><span class='ocrx_word' id='word_1_140' title='bbox 80 1635 143 1679; x_wconf 91' lang='lat' dir='ltr'>non</span> <span class='ocrx_word' id='word_1_141' title='bbox 162 1626 210 1680; x_wconf 90' lang='lat' dir='ltr'>est</span> <span class='ocrx_word' id='word_1_142' title='bbox 224 1634 298 1692; x_wconf 88' lang='lat' dir='ltr'>ergo</span> <span class='ocrx_word' id='word_1_143' title='bbox 314 1634 410 1693; x_wconf 88' lang='lat' dir='ltr'>quare</span> <span class='ocrx_word' id='word_1_144' title='bbox 424 1615 623 1692; x_wconf 80' lang='lat' dir='ltr'>concupiscat</span> <span class='ocrx_word' id='word_1_145' title='bbox 638 1617 800 1692; x_wconf 89' lang='lat' dir='ltr'>quisquam</span> <span class='ocrx_word' id='word_1_146' title='bbox 818 1617 943 1692; x_wconf 90' lang='lat' dir='ltr'>sapiens</span> <span class='ocrx_word' id='word_1_147' title='bbox 955 1617 1061 1689; x_wconf 90' lang='lat' dir='ltr'>timeri,</span> 
     </span>
     <span class='ocr_line' id='line_1_18' title="bbox 81 1700 1074 1776; baseline -0.002 -14"><span class='ocrx_word' id='word_1_148' title='bbox 81 1718 139 1763; x_wconf 92' lang='lat' dir='ltr'>nec</span> <span class='ocrx_word' id='word_1_149' title='bbox 154 1702 225 1764; x_wconf 89' lang='lat' dir='ltr'>ideo</span> <span class='ocrx_word' id='word_1_150' title='bbox 241 1702 316 1762; x_wconf 88' lang='lat' dir='ltr'>iram</span> <span class='ocrx_word' id='word_1_151' title='bbox 330 1717 474 1775; x_wconf 89' lang='lat' dir='ltr'>magnum</span> <span class='ocrx_word' id='word_1_152' title='bbox 490 1701 633 1776; x_wconf 88' lang='lat' dir='ltr'>quiddam</span> <span class='ocrx_word' id='word_1_153' title='bbox 649 1709 740 1776; x_wconf 89' lang='lat' dir='ltr'>putet,</span> <span class='ocrx_word' id='word_1_154' title='bbox 757 1701 829 1776; x_wconf 85' lang='lat' dir='ltr'>quie</span> <span class='ocrx_word' id='word_1_155' title='bbox 840 1700 992 1760; x_wconf 81' lang='lat' dir='ltr'>formidini</span> <span class='ocrx_word' id='word_1_156' title='bbox 1005 1708 1074 1772; x_wconf 89' lang='lat' dir='ltr'>est,-</span> 
     </span>
     <span class='ocr_line' id='line_1_19' title="bbox 80 1783 1062 1862; baseline -0.005 -16"><span class='ocrx_word' id='word_1_157' title='bbox 80 1787 225 1862; x_wconf 90' lang='lat' dir='ltr'>quoniam</span> <span class='ocrx_word' id='word_1_158' title='bbox 239 1785 361 1860; x_wconf 87' lang='lat' dir='ltr'>quidem</span> <span class='ocrx_word' id='word_1_159' title='bbox 371 1785 461 1845; x_wconf 85' lang='lat' dir='ltr'>etiam</span> <span class='ocrx_word' id='word_1_160' title='bbox 471 1783 732 1858; x_wconf 87' lang='lat' dir='ltr'>contemptissima</span> <span class='ocrx_word' id='word_1_161' title='bbox 743 1784 883 1845; x_wconf 88' lang='lat' dir='ltr'>timentur</span> <span class='ocrx_word' id='word_1_162' title='bbox 897 1792 930 1844; x_wconf 93' lang='lat' dir='ltr'>ut</span> <span class='ocrx_word' id='word_1_163' title='bbox 944 1799 1062 1842; x_wconf 87' lang='lat' dir='ltr'>venena</span> 
     </span>
     <span class='ocr_line' id='line_1_20' title="bbox 82 1866 1089 1944; baseline -0.003 -16"><span class='ocrx_word' id='word_1_164' title='bbox 82 1877 113 1929; x_wconf 86' lang='lat' dir='ltr'>et</span> <span class='ocrx_word' id='word_1_165' title='bbox 130 1886 203 1930; x_wconf 89' lang='lat' dir='ltr'>ossa</span> <span class='ocrx_word' id='word_1_166' title='bbox 218 1869 363 1944; x_wconf 83' lang='lat' dir='ltr'>pestifera</span> <span class='ocrx_word' id='word_1_167' title='bbox 378 1876 408 1928; x_wconf 89' lang='lat' dir='ltr'>et</span> <span class='ocrx_word' id='word_1_168' title='bbox 422 1885 553 1929; x_wconf 90' lang='lat' dir='ltr'>morsus.</span> <span class='ocrx_word' id='word_1_169' title='bbox 582 1869 645 1927; x_wconf 88' lang='lat' dir='ltr'>Nec</span> <span class='ocrx_word' id='word_1_170' title='bbox 666 1868 773 1928; x_wconf 90' lang='lat' dir='ltr'>mirum</span> <span class='ocrx_word' id='word_1_171' title='bbox 789 1876 850 1941; x_wconf 88' lang='lat' dir='ltr'>est,</span> <span class='ocrx_word' id='word_1_172' title='bbox 878 1883 946 1929; x_wconf 89' lang='lat' dir='ltr'>eum</span> <span class='ocrx_word' id='word_1_173' title='bbox 965 1866 1089 1926; x_wconf 80' lang='lat' dir='ltr'>maxi-5</span> 
     </span>
     <span class='ocr_line' id='line_1_21' title="bbox 41 1950 1061 2027; baseline -0.004 -15"><span class='ocrx_word' id='word_1_174' title='bbox 41 2019 43 2022; x_wconf 52' lang='grc'>,</span> <span class='ocrx_word' id='word_1_175' title='bbox 80 1968 149 2012; x_wconf 90' lang='lat' dir='ltr'>mos</span> <span class='ocrx_word' id='word_1_176' title='bbox 165 1953 297 2013; x_wconf 85' lang='lat' dir='ltr'>serarum</span> <span class='ocrx_word' id='word_1_177' title='bbox 309 1967 422 2027; x_wconf 79' lang='lat' dir='ltr'>greges</span> <span class='ocrx_word' id='word_1_178' title='bbox 437 1953 517 2011; x_wconf 91' lang='lat' dir='ltr'>linea</span> <span class='ocrx_word' id='word_1_179' title='bbox 540 1951 638 2026; x_wconf 87' lang='lat' dir='ltr'>pinnis</span> <span class='ocrx_word' id='word_1_180' title='bbox 660 1950 802 2011; x_wconf 89' lang='lat' dir='ltr'>distincta</span> <span class='ocrx_word' id='word_1_181' title='bbox 817 1952 970 2012; x_wconf 85' lang='lat' dir='ltr'>contineat</span> <span class='ocrx_word' id='word_1_182' title='bbox 988 1950 1061 2010; x_wconf 92' lang='lat' dir='ltr'>etin</span> 
     </span>
     <span class='ocr_line' id='line_1_22' title="bbox 81 2031 1062 2110; baseline -0.003 -16"><span class='ocrx_word' id='word_1_183' title='bbox 81 2034 208 2096; x_wconf 87' lang='lat' dir='ltr'>insidias</span> <span class='ocrx_word' id='word_1_184' title='bbox 223 2042 302 2110; x_wconf 69' lang='lat' dir='ltr'>agat</span> <span class='ocrx_word' id='word_1_185' title='bbox 318 2036 357 2095; x_wconf 88' lang='lat' dir='ltr'>ab</span> <span class='ocrx_word' id='word_1_186' title='bbox 372 2036 442 2110; x_wconf 89' lang='lat' dir='ltr'>ipsc</span> <span class='ocrx_word' id='word_1_187' title='bbox 458 2035 581 2095; x_wconf 84' lang='lat' dir='ltr'>adiectu</span> <span class='ocrx_word' id='word_1_188' title='bbox 595 2036 675 2094; x_wconf 88' lang='lat' dir='ltr'>dicta</span> <span class='ocrx_word' id='word_1_189' title='bbox 689 2035 867 2096; x_wconf 81' lang='lat' dir='ltr'>termido:</span> <span class='ocrx_word' id='word_1_190' title='bbox 882 2035 969 2093; x_wconf 92' lang='lat' dir='ltr'>vanis</span> <span class='ocrx_word' id='word_1_191' title='bbox 981 2031 1062 2093; x_wconf 89' lang='lat' dir='ltr'>enim</span> 
     </span>
     <span class='ocr_line' id='line_1_23' title="bbox 82 2119 1059 2192; baseline -0.001 -17"><span class='ocrx_word' id='word_1_192' title='bbox 82 2134 165 2177; x_wconf 90' lang='lat' dir='ltr'>vana</span> <span class='ocrx_word' id='word_1_193' title='bbox 184 2119 292 2179; x_wconf 88' lang='lat' dir='ltr'>terrori</span> <span class='ocrx_word' id='word_1_194' title='bbox 307 2126 385 2179; x_wconf 78' lang='lat' dir='ltr'>sunt</span> <span class='ocrx_word' id='word_1_195' title='bbox 429 2119 569 2179; x_wconf 88' lang='lat' dir='ltr'>curriculi</span> <span class='ocrx_word' id='word_1_196' title='bbox 593 2127 693 2179; x_wconf 91' lang='lat' dir='ltr'>motus</span> <span class='ocrx_word' id='word_1_197' title='bbox 714 2126 912 2192; x_wconf 88' lang='lat' dir='ltr'>rotarumque</span> <span class='ocrx_word' id='word_1_198' title='bbox 937 2122 1059 2175; x_wconf 89' lang='lat' dir='ltr'>versata</span> 
     </span>
     <span class='ocr_line' id='line_1_24' title="bbox 82 2199 1060 2276; baseline -0.003 -17"><span class='ocrx_word' id='word_1_199' title='bbox 82 2202 178 2261; x_wconf 86' lang='lat' dir='ltr'>iacies</span> <span class='ocrx_word' id='word_1_200' title='bbox 194 2201 300 2260; x_wconf 83' lang='lat' dir='ltr'>leones</span> <span class='ocrx_word' id='word_1_201' title='bbox 315 2201 433 2276; x_wconf 78' lang='lat' dir='ltr'>redegit</span> <span class='ocrx_word' id='word_1_202' title='bbox 445 2203 474 2261; x_wconf 95' lang='lat' dir='ltr'>in</span> <span class='ocrx_word' id='word_1_203' title='bbox 492 2215 627 2261; x_wconf 88' lang='lat' dir='ltr'>caveam.</span> <span class='ocrx_word' id='word_1_204' title='bbox 663 2202 842 2276; x_wconf 85' lang='lat' dir='ltr'>elephantos</span> <span class='ocrx_word' id='word_1_205' title='bbox 858 2199 984 2275; x_wconf 88' lang='lat' dir='ltr'>porcina</span> <span class='ocrx_word' id='word_1_206' title='bbox 999 2215 1060 2259; x_wconf 87' lang='lat' dir='ltr'>vox</span> 
     </span>
     <span class='ocr_line' id='line_1_25' title="bbox 80 2282 1088 2360; baseline -0.007 -14"><span class='ocrx_word' id='word_1_207' title='bbox 80 2292 183 2346; x_wconf 89' lang='lat' dir='ltr'>terret.</span> <span class='ocrx_word' id='word_1_208' title='bbox 213 2283 264 2345; x_wconf 89' lang='lat' dir='ltr'>Sic</span> <span class='ocrx_word' id='word_1_209' title='bbox 278 2285 381 2360; x_wconf 91' lang='lat' dir='ltr'>itaque</span> <span class='ocrx_word' id='word_1_210' title='bbox 395 2286 441 2344; x_wconf 88' lang='lat' dir='ltr'>ira</span> <span class='ocrx_word' id='word_1_211' title='bbox 453 2286 602 2356; x_wconf 85' lang='lat' dir='ltr'>metuitur,</span> <span class='ocrx_word' id='word_1_212' title='bbox 621 2285 775 2358; x_wconf 84' lang='lat' dir='ltr'>quomado</span> <span class='ocrx_word' id='word_1_213' title='bbox 791 2283 899 2344; x_wconf 88' lang='lat' dir='ltr'>umbra</span> <span class='ocrx_word' id='word_1_214' title='bbox 913 2282 951 2340; x_wconf 90' lang='lat' dir='ltr'>ab</span> <span class='ocrx_word' id='word_1_215' title='bbox 963 2282 1059 2340; x_wconf 87' lang='lat' dir='ltr'>inian-</span> <span class='ocrx_word' id='word_1_216' title='bbox 1072 2287 1088 2340; x_wconf 90' lang='lat'><strong>6</strong></span> 
     </span>
     <span class='ocr_line' id='line_1_26' title="bbox 81 2363 1060 2443; baseline -0.006 -15"><span class='ocrx_word' id='word_1_217' title='bbox 81 2368 172 2442; x_wconf 76' lang='lat' dir='ltr'>tibuS,</span> <span class='ocrx_word' id='word_1_218' title='bbox 189 2386 207 2427; x_wconf 93' lang='lat' dir='ltr'>a</span> <span class='ocrx_word' id='word_1_219' title='bbox 222 2368 294 2428; x_wconf 86' lang='lat' dir='ltr'>feris</span> <span class='ocrx_word' id='word_1_220' title='bbox 309 2369 422 2428; x_wconf 90' lang='lat' dir='ltr'>rubens</span> <span class='ocrx_word' id='word_1_221' title='bbox 440 2369 541 2443; x_wconf 92' lang='lat' dir='ltr'>pinna.</span> <span class='ocrx_word' id='word_1_222' title='bbox 575 2383 635 2426; x_wconf 91' lang='lat' dir='ltr'>ncn</span> <span class='ocrx_word' id='word_1_223' title='bbox 652 2369 720 2443; x_wconf 93' lang='lat' dir='ltr'>ipsa</span> <span class='ocrx_word' id='word_1_224' title='bbox 734 2368 764 2426; x_wconf 96' lang='lat' dir='ltr'>in</span> <span class='ocrx_word' id='word_1_225' title='bbox 781 2382 815 2427; x_wconf 92' lang='lat' dir='ltr'>se</span> <span class='ocrx_word' id='word_1_226' title='bbox 831 2367 993 2440; x_wconf 89' lang='lat' dir='ltr'>quicquam</span> <span class='ocrx_word' id='word_1_227' title='bbox 1007 2363 1060 2423; x_wconf 84' lang='lat' dir='ltr'>ha-</span> 
     </span>
     <span class='ocr_line' id='line_1_27' title="bbox 81 2450 865 2526; baseline -0.005 -15"><span class='ocrx_word' id='word_1_228' title='bbox 81 2452 135 2511; x_wconf 87' lang='lat' dir='ltr'>bet</span> <span class='ocrx_word' id='word_1_229' title='bbox 145 2452 265 2511; x_wconf 88' lang='lat' dir='ltr'>iirmum</span> <span class='ocrx_word' id='word_1_230' title='bbox 281 2451 433 2526; x_wconf 76' lang='lat' dir='ltr'>actione,</span> <span class='ocrx_word' id='word_1_231' title='bbox 448 2453 506 2512; x_wconf 92' lang='lat' dir='ltr'>sed</span> <span class='ocrx_word' id='word_1_232' title='bbox 520 2453 605 2511; x_wconf 91' lang='lat' dir='ltr'>leves</span> <span class='ocrx_word' id='word_1_233' title='bbox 621 2450 740 2511; x_wconf 90' lang='lat' dir='ltr'>animos</span> <span class='ocrx_word' id='word_1_234' title='bbox 755 2457 865 2509; x_wconf 87' lang='lat' dir='ltr'>movet.</span> 
     </span>
    </p>

    <p class='ocr_par' dir='ltr' id='par_1_4' title="bbox 79 2531 1097 3528">
     <span class='ocr_line' id='line_1_28' title="bbox 143 2531 1088 2610; baseline -0.004 -17"><span class='ocrx_word' id='word_1_235' title='bbox 143 2534 208 2595; x_wconf 89' lang='lat' dir='ltr'><strong>XII.</strong></span> <span class='ocrx_word' id='word_1_236' title='bbox 240 2535 408 2610; x_wconf 79' lang='lat' dir='ltr'>„Nequitia</span> <span class='ocrx_word' id='word_1_237' title='bbox 429 2534 534 2610; x_wconf 88' lang='lat' dir='ltr'>inquit,</span> <span class='ocrx_word' id='word_1_238' title='bbox 554 2535 593 2594; x_wconf 92' lang='lat' dir='ltr'>de</span> <span class='ocrx_word' id='word_1_239' title='bbox 613 2550 713 2594; x_wconf 91' lang='lat' dir='ltr'>rerum</span> <span class='ocrx_word' id='word_1_240' title='bbox 734 2541 843 2593; x_wconf 87' lang='lat' dir='ltr'>natura</span> <span class='ocrx_word' id='word_1_241' title='bbox 857 2531 991 2593; x_wconf 84' lang='lat' dir='ltr'>tollenda</span> <span class='ocrx_word' id='word_1_242' title='bbox 1005 2539 1088 2602; x_wconf 88' lang='lat' dir='ltr'>est,1</span> 
     </span>
     <span class='ocr_line' id='line_1_29' title="bbox 82 2614 1097 2696; baseline -0.005 -18"><span class='ocrx_word' id='word_1_243' title='bbox 82 2618 109 2678; x_wconf 91' lang='lat' dir='ltr'>si</span> <span class='ocrx_word' id='word_1_244' title='bbox 124 2618 201 2678; x_wconf 92' lang='lat' dir='ltr'>velis</span> <span class='ocrx_word' id='word_1_245' title='bbox 222 2620 298 2679; x_wconf 90' lang='lat' dir='ltr'>iram</span> <span class='ocrx_word' id='word_1_246' title='bbox 319 2620 441 2679; x_wconf 61' lang='lat' dir='ltr'>tolleres</span> <span class='ocrx_word' id='word_1_247' title='bbox 467 2627 605 2679; x_wconf 91' lang='lat' dir='ltr'>neutrum</span> <span class='ocrx_word' id='word_1_248' title='bbox 627 2625 725 2677; x_wconf 89' lang='lat' dir='ltr'>autem</span> <span class='ocrx_word' id='word_1_249' title='bbox 748 2625 850 2693; x_wconf 90' lang='lat' dir='ltr'>potest</span> <span class='ocrx_word' id='word_1_250' title='bbox 869 2616 965 2676; x_wconf 85' lang='lat' dir='ltr'>fieri.“</span> <span class='ocrx_word' id='word_1_251' title='bbox 997 2614 1059 2674; x_wconf 88' lang='lat' dir='ltr'>Pri·</span> <span class='ocrx_word' id='word_1_252' title='bbox 1095 2693 1097 2696; x_wconf 15' lang='grc' dir='ltr'>Ι</span> 
     </span>
     <span class='ocr_line' id='line_1_30' title="bbox 81 2703 1060 2776; baseline -0.003 -17"><span class='ocrx_word' id='word_1_253' title='bbox 81 2716 164 2760; x_wconf 91' lang='lat' dir='ltr'>mum</span> <span class='ocrx_word' id='word_1_254' title='bbox 180 2709 282 2776; x_wconf 90' lang='lat' dir='ltr'>potest</span> <span class='ocrx_word' id='word_1_255' title='bbox 296 2703 406 2776; x_wconf 86' lang='lat' dir='ltr'>atiquis</span> <span class='ocrx_word' id='word_1_256' title='bbox 421 2719 483 2762; x_wconf 87' lang='lat' dir='ltr'>non</span> <span class='ocrx_word' id='word_1_257' title='bbox 501 2705 612 2776; x_wconf 84' lang='lat' dir='ltr'>algere,</span> <span class='ocrx_word' id='word_1_258' title='bbox 627 2703 766 2776; x_wconf 89' lang='lat' dir='ltr'>quamvis</span> <span class='ocrx_word' id='word_1_259' title='bbox 784 2717 824 2761; x_wconf 85' lang='lat' dir='ltr'>ex</span> <span class='ocrx_word' id='word_1_260' title='bbox 837 2716 935 2760; x_wconf 89' lang='lat' dir='ltr'>rerum</span> <span class='ocrx_word' id='word_1_261' title='bbox 953 2704 1060 2757; x_wconf 88' lang='lat' dir='ltr'>natura</span> 
     </span>
     <span class='ocr_line' id='line_1_31' title="bbox 80 2780 1059 2859; baseline -0.005 -17"><span class='ocrx_word' id='word_1_262' title='bbox 80 2783 179 2844; x_wconf 84' lang='lat' dir='ltr'>hiems</span> <span class='ocrx_word' id='word_1_263' title='bbox 201 2785 248 2858; x_wconf 91' lang='lat' dir='ltr'>sit,</span> <span class='ocrx_word' id='word_1_264' title='bbox 270 2793 300 2845; x_wconf 92' lang='lat' dir='ltr'>et</span> <span class='ocrx_word' id='word_1_265' title='bbox 323 2802 383 2845; x_wconf 89' lang='lat' dir='ltr'>non</span> <span class='ocrx_word' id='word_1_266' title='bbox 399 2793 548 2857; x_wconf 90' lang='lat' dir='ltr'>aestuare,</span> <span class='ocrx_word' id='word_1_267' title='bbox 572 2786 711 2859; x_wconf 91' lang='lat' dir='ltr'>quamvis</span> <span class='ocrx_word' id='word_1_268' title='bbox 726 2800 849 2845; x_wconf 90' lang='lat' dir='ltr'>menses</span> <span class='ocrx_word' id='word_1_269' title='bbox 866 2781 973 2842; x_wconf 85' lang='lat' dir='ltr'>aestivi</span> <span class='ocrx_word' id='word_1_270' title='bbox 990 2780 1059 2839; x_wconf 91' lang='lat' dir='ltr'>sint.</span> 
     </span>
     <span class='ocr_line' id='line_1_32' title="bbox 81 2866 1062 2941; baseline -0.007 -14"><span class='ocrx_word' id='word_1_271' title='bbox 81 2875 134 2928; x_wconf 91' lang='lat' dir='ltr'>aut</span> <span class='ocrx_word' id='word_1_272' title='bbox 158 2870 217 2928; x_wconf 91' lang='lat' dir='ltr'>loci</span> <span class='ocrx_word' id='word_1_273' title='bbox 238 2869 388 2928; x_wconf 88' lang='lat' dir='ltr'>beneficio</span> <span class='ocrx_word' id='word_1_274' title='bbox 409 2870 560 2928; x_wconf 87' lang='lat' dir='ltr'>adversus</span> <span class='ocrx_word' id='word_1_275' title='bbox 582 2868 789 2941; x_wconf 86' lang='lat' dir='ltr'>intemperiem</span> <span class='ocrx_word' id='word_1_276' title='bbox 815 2866 886 2925; x_wconf 90' lang='lat' dir='ltr'>anni</span> <span class='ocrx_word' id='word_1_277' title='bbox 910 2871 992 2923; x_wconf 86' lang='lat' dir='ltr'>tutus</span> <span class='ocrx_word' id='word_1_278' title='bbox 1013 2868 1062 2921; x_wconf 87' lang='lat' dir='ltr'>est</span> 
     </span>
     <span class='ocr_line' id='line_1_33' title="bbox 81 2944 1087 3026; baseline -0.005 -17"><span class='ocrx_word' id='word_1_279' title='bbox 81 2957 134 3011; x_wconf 88' lang='lat' dir='ltr'>aut</span> <span class='ocrx_word' id='word_1_280' title='bbox 148 2951 293 3025; x_wconf 86' lang='lat' dir='ltr'>patientia</span> <span class='ocrx_word' id='word_1_281' title='bbox 311 2953 450 3026; x_wconf 88' lang='lat' dir='ltr'>corporis</span> <span class='ocrx_word' id='word_1_282' title='bbox 467 2966 591 3010; x_wconf 90' lang='lat' dir='ltr'>sensum</span> <span class='ocrx_word' id='word_1_283' title='bbox 606 2950 765 3023; x_wconf 82' lang='lat' dir='ltr'>utriusque</span> <span class='ocrx_word' id='word_1_284' title='bbox 780 2946 916 3023; x_wconf 88' lang='lat' dir='ltr'>pervicit.</span> <span class='ocrx_word' id='word_1_285' title='bbox 941 2944 1087 3004; x_wconf 70' lang='lat' dir='ltr'>Deinden</span> 
     </span>
     <span class='ocr_line' id='line_1_34' title="bbox 80 3029 1057 3108; baseline -0.006 -16"><span class='ocrx_word' id='word_1_286' title='bbox 80 3041 167 3093; x_wconf 87' lang='lat' dir='ltr'>verte</span> <span class='ocrx_word' id='word_1_287' title='bbox 181 3034 276 3094; x_wconf 86' lang='lat' dir='ltr'>istud:</span> <span class='ocrx_word' id='word_1_288' title='bbox 302 3049 432 3094; x_wconf 88' lang='lat' dir='ltr'>neeesse</span> <span class='ocrx_word' id='word_1_289' title='bbox 454 3040 502 3093; x_wconf 89' lang='lat' dir='ltr'>est</span> <span class='ocrx_word' id='word_1_290' title='bbox 519 3033 604 3108; x_wconf 90' lang='lat' dir='ltr'>prius</span> <span class='ocrx_word' id='word_1_291' title='bbox 626 3031 766 3092; x_wconf 88' lang='lat' dir='ltr'>virtutem</span> <span class='ocrx_word' id='word_1_292' title='bbox 787 3046 825 3090; x_wconf 87' lang='lat' dir='ltr'>ex</span> <span class='ocrx_word' id='word_1_293' title='bbox 846 3030 946 3089; x_wconf 88' lang='lat' dir='ltr'>animo</span> <span class='ocrx_word' id='word_1_294' title='bbox 967 3029 1057 3088; x_wconf 86' lang='lat' dir='ltr'>tollas</span> 
     </span>
     <span class='ocr_line' id='line_1_35' title="bbox 81 3112 1058 3192; baseline -0.007 -15"><span class='ocrx_word' id='word_1_295' title='bbox 81 3129 174 3190; x_wconf 89' lang='lat' dir='ltr'>quam</span> <span class='ocrx_word' id='word_1_296' title='bbox 195 3117 383 3177; x_wconf 87' lang='lat' dir='ltr'>iracundiam</span> <span class='ocrx_word' id='word_1_297' title='bbox 400 3117 546 3192; x_wconf 85' lang='lat' dir='ltr'>recipias,</span> <span class='ocrx_word' id='word_1_298' title='bbox 566 3114 710 3191; x_wconf 88' lang='lat' dir='ltr'>quoniam</span> <span class='ocrx_word' id='word_1_299' title='bbox 728 3130 796 3176; x_wconf 89' lang='lat' dir='ltr'>cum</span> <span class='ocrx_word' id='word_1_300' title='bbox 810 3114 971 3174; x_wconf 86' lang='lat' dir='ltr'>virtutibus</span> <span class='ocrx_word' id='word_1_301' title='bbox 987 3112 1058 3172; x_wconf 87' lang='lat' dir='ltr'>vitia</span> 
     </span>
     <span class='ocr_line' id='line_1_36' title="bbox 80 3197 1057 3276; baseline -0.004 -18"><span class='ocrx_word' id='word_1_302' title='bbox 80 3217 141 3260; x_wconf 88' lang='lat' dir='ltr'>non</span> <span class='ocrx_word' id='word_1_303' title='bbox 159 3208 279 3265; x_wconf 85' lang='lat' dir='ltr'>coeunt.</span> <span class='ocrx_word' id='word_1_304' title='bbox 317 3216 374 3260; x_wconf 89' lang='lat' dir='ltr'>nec</span> <span class='ocrx_word' id='word_1_305' title='bbox 389 3200 486 3275; x_wconf 88' lang='lat' dir='ltr'>magis</span> <span class='ocrx_word' id='word_1_306' title='bbox 502 3199 664 3276; x_wconf 90' lang='lat' dir='ltr'>quisquam</span> <span class='ocrx_word' id='word_1_307' title='bbox 681 3200 790 3260; x_wconf 90' lang='lat' dir='ltr'>ecdem</span> <span class='ocrx_word' id='word_1_308' title='bbox 804 3205 942 3273; x_wconf 86' lang='lat' dir='ltr'>tempore</span> <span class='ocrx_word' id='word_1_309' title='bbox 957 3206 987 3257; x_wconf 88' lang='lat' dir='ltr'>et</span> <span class='ocrx_word' id='word_1_310' title='bbox 1000 3197 1057 3254; x_wconf 90' lang='lat' dir='ltr'>ira·</span> 
     </span>
     <span class='ocr_line' id='line_1_37' title="bbox 79 3279 1088 3359; baseline -0.003 -16"><span class='ocrx_word' id='word_1_311' title='bbox 79 3292 130 3343; x_wconf 91' lang='lat' dir='ltr'>tus</span> <span class='ocrx_word' id='word_1_312' title='bbox 146 3290 333 3359; x_wconf 90' lang='lat' dir='ltr'>potestesse</span> <span class='ocrx_word' id='word_1_313' title='bbox 348 3292 378 3343; x_wconf 93' lang='lat' dir='ltr'>et</span> <span class='ocrx_word' id='word_1_314' title='bbox 390 3285 437 3345; x_wconf 93' lang='lat' dir='ltr'>vir</span> <span class='ocrx_word' id='word_1_315' title='bbox 452 3283 553 3346; x_wconf 87' lang='lat' dir='ltr'>benus</span> <span class='ocrx_word' id='word_1_316' title='bbox 570 3300 660 3359; x_wconf 87' lang='lat' dir='ltr'>quam</span> <span class='ocrx_word' id='word_1_317' title='bbox 681 3291 772 3358; x_wconf 81' lang='lat' dir='ltr'>aeger</span> <span class='ocrx_word' id='word_1_318' title='bbox 786 3290 817 3343; x_wconf 88' lang='lat' dir='ltr'>et</span> <span class='ocrx_word' id='word_1_319' title='bbox 831 3299 935 3343; x_wconf 81' lang='lat' dir='ltr'>sanus,</span> <span class='ocrx_word' id='word_1_320' title='bbox 972 3279 1088 3352; x_wconf 66' lang='lat' dir='ltr'>„Nona</span> 
     </span>
     <span class='ocr_line' id='line_1_38' title="bbox 81 3361 1056 3442; baseline -0.007 -15"><span class='ocrx_word' id='word_1_321' title='bbox 81 3373 193 3441; x_wconf 87' lang='lat' dir='ltr'>potest,</span> <span class='ocrx_word' id='word_1_322' title='bbox 208 3368 313 3442; x_wconf 86' lang='lat' dir='ltr'>inquit,</span> <span class='ocrx_word' id='word_1_323' title='bbox 333 3368 430 3429; x_wconf 85' lang='lat' dir='ltr'>omnis</span> <span class='ocrx_word' id='word_1_324' title='bbox 447 3384 485 3427; x_wconf 87' lang='lat' dir='ltr'>ex</span> <span class='ocrx_word' id='word_1_325' title='bbox 504 3367 668 3429; x_wconf 86' lang='lat' dir='ltr'>animcira</span> <span class='ocrx_word' id='word_1_326' title='bbox 682 3368 761 3428; x_wconf 81' lang='lat' dir='ltr'>tolli:</span> <span class='ocrx_word' id='word_1_327' title='bbox 779 3382 836 3426; x_wconf 90' lang='lat' dir='ltr'>nec</span> <span class='ocrx_word' id='word_1_328' title='bbox 851 3365 910 3424; x_wconf 89' lang='lat' dir='ltr'>hcc</span> <span class='ocrx_word' id='word_1_329' title='bbox 924 3361 1056 3423; x_wconf 91' lang='lat' dir='ltr'>hominis</span> 
     </span>
     <span class='ocr_line' id='line_1_39' title="bbox 81 3444 1057 3528; baseline -0.005 -20"><span class='ocrx_word' id='word_1_330' title='bbox 81 3459 190 3512; x_wconf 87' lang='lat' dir='ltr'>natura</span> <span class='ocrx_word' id='word_1_331' title='bbox 206 3451 347 3525; x_wconf 87' lang='lat' dir='ltr'>patitur.“</span> <span class='ocrx_word' id='word_1_332' title='bbox 384 3452 478 3528; x_wconf 90' lang='lat' dir='ltr'>Atqui</span> <span class='ocrx_word' id='word_1_333' title='bbox 501 3451 573 3511; x_wconf 86' lang='lat' dir='ltr'>nihil</span> <span class='ocrx_word' id='word_1_334' title='bbox 594 3458 642 3513; x_wconf 89' lang='lat' dir='ltr'>est</span> <span class='ocrx_word' id='word_1_335' title='bbox 665 3458 725 3511; x_wconf 91' lang='lat' dir='ltr'>tam</span> <span class='ocrx_word' id='word_1_336' title='bbox 747 3449 870 3509; x_wconf 87' lang='lat' dir='ltr'>diiiicile</span> <span class='ocrx_word' id='word_1_337' title='bbox 886 3454 916 3507; x_wconf 87' lang='lat' dir='ltr'>et</span> <span class='ocrx_word' id='word_1_338' title='bbox 930 3444 1057 3505; x_wconf 88' lang='lat' dir='ltr'>arduum</span> 
     </span>
    </p>
   </div>
   <div class='ocr_carea' id='block_1_3' title="bbox 0 0 1194 3856">
    <p class='ocr_par' dir='ltr' id='par_1_5' title="bbox 0 0 1194 3856">
     <span class='ocr_line' id='line_1_40' title="bbox 0 0 1194 3856; baseline 0 0"><span class='ocrx_word' id='word_1_339' title='bbox 0 0 1194 3856; x_wconf 95' lang='lat' dir='ltr'> </span> 
     </span>
    </p>
   </div>
  </div>
 </body>
</html>
