2378 3856
65 215 347 279 CONTUMELIAM
357 215 546 277 ACClPERE
554 214 781 278 SAPIENTEM.
789 219 992 279 xvh-xlx.
1004 217 1045 280 33

64 371 153 444 simu,
169 369 268 444 qualis
283 369 313 427 in
329 368 492 429 concubitu
507 374 590 428 esset
600 384 679 429 uxor
690 369 765 443 cius,
777 369 897 428 obiecit.
920 371 950 429 di
964 369 1045 444 honi,

63 454 125 513 hoc
140 454 238 513 virum
260 451 380 526 audire,
402 451 570 526 principem
586 452 666 511 scire
682 459 826 528 eiusque
841 468 878 512 eo
894 452 1046 513 licentiam
1088 460 1091 466 “

65 535 263 612 pervenisse,
278 543 326 610 ut,
342 548 402 596 non
419 534 489 595 dico
505 535 674 609 consulari,
697 552 758 596 non
774 537 843 596 dico
858 536 974 610 amico;
989 537 1045 597 sed

64 626 180 682 tantum
195 618 303 679 marito
317 622 462 695 princeps
477 627 507 678 et
521 620 701 681 adulterium
722 635 810 680 suum
832 627 934 681 narret
956 627 986 680 et
1001 622 1044 679 la·

64 703 212 764 stidiumt
233 703 394 775 Chaereae,
409 704 530 764 tribuno
542 704 674 774 militum,
688 718 790 763 sermo
805 720 868 764 non
881 719 940 782 pro
954 707 1074 764 manua

64 795 139 862 erat,
153 786 315 861 languidus
330 802 408 846 sono
424 794 461 861 ct
476 789 507 845 ni
524 788 602 846 lacta
616 803 737 861 nosses,
754 783 939 862 suspectior.
974 787 1045 848 huic

64 871 156 932 Caius
182 873 302 944 signum
327 871 439 945 petenti
464 872 556 930 modo
582 871 763 944 Veneris,
799 871 891 931 modo
916 869 1046 946 Priapi

63 955 159 1015 dabat
184 954 269 1014 aliter
293 960 386 1029 atque
412 954 497 1014 aliter
522 954 712 1028 exprobrans
739 961 854 1014 armato
880 955 1045 1020 mollitiam.

63 1039 142 1098 hacc
157 1039 224 1112 ipse
241 1037 431 1113 perlucidus,
447 1037 639 1113 crepidatus,
655 1044 788 1099 auratus.
825 1040 927 1114 coegit
941 1039 1045 1113 itaque

62 1123 148 1182 illum
162 1123 310 1195 utilene,
326 1137 365 1181 ne
381 1123 505 1196 saepius
521 1122 642 1196 signum
657 1129 788 1196 peteret:
804 1122 854 1181 ille
870 1123 984 1197 primus
1000 1125 1044 1181 in-

62 1213 110 1266 ter
125 1207 299 1265 coniuratos
314 1221 436 1266 manum
453 1205 589 1279 sustulit,
605 1205 654 1264 ille
670 1204 820 1264 cervicem
836 1206 967 1265 mediam
982 1221 1044 1266 uno

61 1291 125 1350 ictu
140 1289 262 1349 decidit.
286 1289 447 1364 plurimum
464 1289 575 1348 deinde
590 1288 726 1362 undique
742 1288 880 1361 publicas
896 1304 932 1347 ac
944 1289 1044 1363 priva-

63 1381 110 1434 tas
125 1371 250 1434 iniurias
265 1371 475 1434 ulciscentium
490 1373 660 1447 gladiorum
675 1373 826 1447 ingestum
841 1379 896 1444 est,
914 1373 971 1432 sed
983 1373 1045 1447 pri·-

61 1472 132 1516 mus
148 1456 196 1516 vir
210 1457 274 1530 luit,
291 1457 343 1531 qui
358 1457 478 1516 minime
493 1457 578 1515 visus
596 1462 651 1515 est.
692 1457 733 1515 At
746 1456 826 1515 idem
839 1455 930 1515 Caius
944 1457 1074 1524 omnint

62 1541 264 1601 contumelias
281 1547 409 1616 potans,
434 1547 467 1600 nt
486 1547 556 1599 sunt
582 1538 775 1599 serendarum
796 1538 975 1614 inpatientes
1000 1542 1044 1599 la·

61 1623 239 1684 ciendamm
256 1623 457 1700 cupidissimi,
479 1624 573 1683 iratus
590 1624 645 1684 luit
659 1623 812 1703 Herennio
827 1623 942 1696 Macro,
959 1623 1045 1699 quod

60 1707 145 1768 illum
162 1708 288 1768 (laium
303 1710 498 1769 salutaverat.
535 1723 592 1767 nec
612 1707 728 1781 inpune
747 1708 841 1766 cessit
856 1707 1042 1782 primipilari,

62 1791 148 1865 quod
164 1792 375 1866 Caligulam
391 1793 519 1852 dixerat.
555 1792 614 1852 hoc
631 1791 711 1850 enim
732 1791 763 1848 in
786 1791 894 1856 castris
911 1797 1000 1851 natus
1016 1797 1045 1850 et

63 1877 204 1934 alumnus
219 1875 373 1950 legionum
388 1875 492 1935 vocari
508 1875 640 1948 solebat,
658 1876 747 1935 'nullo
763 1876 885 1935 nomine
899 1873 1043 1935 militibus

63 1957 239 2018 familiarior
253 1975 397 2035 nmquam
413 1960 521 2020 lactus.
558 1959 614 2018 sed
634 1959 694 2018 iam
712 1958 923 2032 Caligulam
940 1959 1044 2018 convi-

63 2040 145 2101 cium
160 2050 189 2102 et
204 2043 350 2117 probrum
364 2043 527 2103 iudicabat.
551 2043 757 2103 ‘conturbatis
773 2057 846 2117 ergo
869 2042 928 2101 hoc
943 2042 1072 2118 ipsum5
1100 2062 1101 2065 ’

63 2123 176 2186 solatio
192 2125 256 2199 erit,
273 2127 389 2185 etiamsi
404 2134 510 2186 nostra
525 2125 653 2186 facilitas
667 2127 813 2186 ultionem
829 2126 972 2199 omiserit,
999 2126 1012 2183 l
1031 2156 1043 2168 -

60 2216 164 2269 turum
178 2208 309 2282 aliquem
326 2211 377 2283 qui
390 2225 508 2284 poenas
523 2211 625 2284 exigat
640 2227 657 2269 a
673 2224 805 2284 procace
821 2216 851 2269 ct
864 2211 1000 2284 superbo
1015 2217 1045 2270 et

60 2289 228 2365 iniurioso,
257 2306 336 2365 quae
357 2291 428 2352 vitia
445 2309 608 2366 numquam
630 2293 660 2351 in
680 2309 742 2352 uno
758 2292 880 2352 homine
895 2301 924 2352 et
938 2295 967 2351 in
983 2309 1042 2353 nna

59 2375 244 2458 contumelia
260 2381 487 2435 consumuntur.
530 2374 744 2450 Respiciamus
767 2391 871 2436 eorum
893 2378 1043 2452 exempla,

61 2475 193 2535 quorum
208 2458 369 2519 laudamus
386 2458 570 2534 patientiam,
585 2466 618 2519 ut
633 2458 784 2534 Socratis,
802 2461 853 2536 qui
869 2461 1043 2521 comoedia·

58 2559 128 2602 rum
144 2543 316 2617 publicatos
332 2543 361 2601 in
377 2558 412 2602 sc
428 2549 458 2603 et
472 2548 627 2618 spectatos
650 2543 732 2603 sales
754 2543 783 2602 in
800 2551 916 2620 partem
930 2545 1043 2604 bonam

59 2626 179 2702 accepit
205 2625 332 2700 risitque
354 2643 415 2687 non
437 2626 549 2700 minus,
582 2643 672 2704 quam
694 2643 762 2688 curn
786 2629 825 2689 ab
845 2644 942 2687 uxore
962 2628 1042 2687 Xan-

58 2708 167 2784 thippe
192 2710 338 2770 inmunda
361 2727 442 2786 aqua
468 2711 711 2785 pertunderetur.
747 2710 921 2772 Antistheni
949 2720 1044 2771 mater

58 2793 190 2853 barbara
205 2801 236 2852 et
248 2794 400 2854 Thraessa
415 2795 612 2855 obiciebatur.
646 2795 808 2869 respondit
828 2801 864 2853 et
885 2794 1042 2856 deorum

58 2883 218 2936 matrem
238 2877 389 2937 idaeam
411 2894 508 2938 esse.

120 2959 198 3019 XIX.
225 2961 291 3019 Non
308 2968 355 3021 est
369 2961 398 3021 in
414 2963 511 3021 rixam
527 2963 834 3034 colluctationemque
848 2958 1069 3026 veniendum.1

57 3045 169 3120 procul
183 3045 341 3104 auferendi
356 3046 453 3119 pedes
470 3051 583 3105 suntet
599 3043 745 3120 quicquid
760 3044 867 3103 horum
883 3043 921 3101 ab
936 3041 1041 3118 inpru-

56 3127 202 3188 dentibus
218 3128 270 3188 liet
283 3128 363 3203 (ficri
379 3136 477 3190 autem
499 3129 557 3188 nisi
574 3129 612 3190 ab
634 3127 869 3204 inprudentibus
892 3143 952 3186 non
974 3132 1041 3204 pot·

56 3215 118 3282 est)
137 3211 361 3285 neglegendum
382 3221 412 3272 et
432 3213 566 3274 honores
590 3213 780 3288 iniuriaeque
806 3210 887 3286 volgi
914 3212 943 3270 in
971 3229 1040 3288 pro·

55 3295 177 3355 miscuo
189 3295 359 3354 habendae.
386 3311 443 3355 nec
454 3295 502 3354 his
515 3297 679 3358 dolendum
687 3312 745 3357 nec
760 3295 818 3357 illis
831 3296 1040 3369 gaudendum:

54 3379 193 3454 alioquin
216 3378 308 3438 multa
329 3378 436 3440 timore
461 3382 709 3441 contumeliarum
736 3386 787 3441 aut
812 3379 913 3439 taedio
934 3389 1071 3440 neces-2

55 3462 140 3523 saria
174 3462 345 3522 omittemus
377 3461 570 3537 publicisque
601 3472 630 3522 ct
665 3465 791 3539 privatis
824 3461 950 3533 officiis,
989 3461 1034 3520 ali-

98 3565 200 3605 snuecn
216 3566 285 3604 rnre.
301 3551 321 3604 l.
814 3543 834 3605 3
