2378 3854
112 184 174 251 136
299 185 333 245 L.
354 184 500 244 ANNAEI
519 183 694 244 SENECAE
714 184 816 244 DlAL.
838 185 892 245 vt.

113 354 180 398 cum
213 337 335 396 videres
363 337 488 396 senilem
520 335 549 395 in
578 338 688 397 iuvene
713 338 915 414 prudentiam,
941 339 1087 402 victorem

113 421 245 483 omnium
261 421 448 494 voluptatum
463 420 604 494 animum,
619 421 820 495 emendatum,
835 430 988 483 carentem
1002 424 1085 499 vitio,
1125 471 1130 479 .

113 505 232 565 divitias
248 503 315 563 sine
329 502 470 575 avaritia,
490 503 622 563 honores
638 505 704 563 sine
719 504 899 578 ambitione,
913 507 1087 582 voluptates
1105 515 1111 526 ·

112 590 178 646 sine
192 585 313 647 luxuria
328 587 535 662 adpetentem,
558 587 610 646 diu
624 588 676 647 tibi
694 587 825 661 putabas
840 587 924 647 illum
938 590 1086 665 sospitem

112 685 207 746 posse
232 670 429 744 contingeret
460 668 609 744 Quicquid
637 671 675 729 ad
698 685 847 729 summum
868 673 1022 751 pervenit,
1048 673 1087 733 ad

112 754 224 815 exitum
245 769 343 828 prope
363 758 420 812 cst.
449 753 537 827 eripit
555 768 592 812 se
606 753 767 828 aufertque
781 768 819 811 ex
836 754 934 814 oculis
949 755 1087 830 perlecta

114 838 224 911 virtus,
255 853 311 897 nec
331 833 467 895 ultimum
487 843 609 910 tempus
633 843 814 910 exspectant
834 851 914 910 quae
934 837 966 896 in
988 839 1086 913 primo

83 927 100 980 t
113 927 329 980 maturuerunt
355 917 438 992 Ignis
454 934 515 992 quo
532 919 642 977 clarior
656 917 753 992 fulsit,
769 918 858 980 citius
874 920 1087 997 exstinguitur.

114 1003 248 1062 vivacior
263 1008 319 1072 est,
337 1001 388 1076 qui
404 1017 473 1060 cum
487 1001 569 1060 lenta
584 1016 621 1060 ac
636 1001 752 1061 difficili
766 1003 891 1064 materia
902 1005 1088 1065 commissus

114 1087 259 1160 fumoque
274 1085 434 1145 demersus
449 1098 489 1142 ex
505 1083 632 1144 sordido
648 1085 737 1144 lucet.
757 1084 864 1145 eadem
878 1085 960 1146 enim
975 1086 1089 1149 detinet

114 1184 209 1229 causa
223 1184 312 1243 quae,
328 1168 458 1243 maligue
472 1167 539 1227 alin
555 1167 600 1226 sic
615 1166 808 1243 ingeniaque
819 1169 1005 1242 inlustriora,
1020 1169 1088 1231 bre·

115 1252 201 1313 viora
219 1260 297 1313 sunt.
331 1267 400 1311 nam
422 1250 473 1311 ubi
493 1251 678 1311 incremento
699 1252 786 1312 locus
807 1261 944 1326 nonest,
971 1255 1090 1314 vicinus

86 1338 102 1388 5
116 1352 250 1397 occasus
262 1342 318 1396 est.
339 1335 493 1395 Fabianus
508 1335 563 1409 ait,
578 1335 610 1394 id
625 1335 707 1410 quod
723 1335 819 1395 nostri
837 1350 965 1412 quoque
981 1353 1089 1412 paren·

114 1429 161 1480 tes
182 1420 303 1492 videre,
330 1434 458 1493 puerum
479 1419 595 1479 Romae
618 1418 713 1478 luisse
734 1425 849 1479 statura
868 1421 1002 1495 ingentis
1023 1421 1090 1480 viri.

116 1501 237 1563 sedhic
252 1500 312 1562 cito
328 1500 477 1575 decessit,
498 1510 528 1562 ct
541 1517 602 1560 non
618 1502 796 1562 moriturum
811 1503 898 1562 brevi
912 1518 1003 1565 nemo
1020 1518 1088 1579 pru·
1111 1562 1115 1568 .

116 1585 192 1644 dens
208 1584 292 1643 dixit.
322 1600 382 1643 non
399 1591 516 1659 poterat
530 1586 609 1644 enim
626 1585 665 1644 ad
679 1585 759 1645 iilam
774 1593 904 1646 aetatem
919 1587 1089 1662 pervenire,

117 1684 207 1743 quam
226 1675 434 1742 praeceperat.
456 1667 500 1727 Ita
515 1677 576 1728 ests
598 1667 742 1731 iudicium
757 1676 805 1728 est
819 1669 992 1731 inminentis
1008 1670 1091 1745 exitii

116 1752 273 1813 maturitas,
287 1759 317 1811 ct
330 1751 447 1825 adpetit
460 1748 532 1810 linis
546 1751 598 1811 ubi
613 1751 798 1812 incrementa
813 1762 998 1830 cousumpta
1008 1758 1088 1814 sunt.

89 1843 99 1891 1
167 1833 1091 1910 XXIV.Incipevirtutibusillum,nonaunisae·

118 1918 297 1979 stimare=
316 1917 415 1977 satis
434 1918 498 1977 diu
514 1917 623 1978 vixit.
645 1919 781 1994 pupillus
795 1917 919 1979 relictus
937 1920 997 1981 sub
1013 1928 1090 1982 tuto·

118 2021 182 2064 rum
201 2016 389 2078 curansque
411 2001 448 2063 ad
473 2007 611 2078 quartum
633 2002 782 2064 decimum
802 2018 913 2064 annum
936 2002 1008 2076 luit,
1035 2002 1092 2065 sub

117 2088 221 2148 matris
236 2088 329 2147 tutela
352 2102 484 2162 semper.
511 2103 578 2146 cum
598 2085 724 2147 haberet
745 2103 820 2148 suos
836 2093 979 2162 penates,
1002 2087 1091 2146 r'elin·

119 2187 213 2247 quere
237 2179 307 2232 tuos
332 2172 429 2232 noluit
448 2171 527 2231 etin
549 2176 685 2229 materno
707 2171 921 2244 contubernio,
947 2186 1017 2231 cum
1042 2170 1092 2229 vix

119 2264 276 2331 paternum
292 2255 378 2316 liberi
394 2256 504 2327 ierant,
523 2255 740 2329 perseveravit.
768 2253 953 2314 adulescens
968 2260 1093 2326 statura,

119 2339 356 2414 pulchritudine,
378 2346 480 2400 cetero
502 2339 640 2411 corporis
656 2337 767 2397 robore
788 2337 896 2398 castris
910 2343 1002 2399 natus
1017 2335 1091 2397 mili·

90 2424 190 2486 atiam
200 2424 361 2495 recusavit,
378 2430 487 2482 neate
499 2421 678 2480 discederet.
700 2420 847 2494 Computa,
861 2419 987 2495 Marcia,
1003 2435 1093 2496 quam

119 2520 189 2563 raro
210 2504 323 2564 liberos
343 2504 467 2563 videant
488 2518 566 2576 quae
587 2503 616 2562 in
639 2502 768 2563 diversis
792 2503 933 2564 domibus
947 2502 1093 2564 habitant

121 2586 220 2659 cogita
239 2592 284 2646 tot
302 2587 371 2646 illos
393 2585 493 2659 perire
513 2601 611 2645 annos
631 2586 777 2646 matribus
799 2594 829 2647 et
842 2602 900 2662 per
917 2584 1093 2648 sollicitudi-

121 2684 190 2727 nem
206 2668 301 2740 exigi,
329 2668 440 2742 quibus
457 2667 537 2727 filios
558 2669 587 2726 in
610 2668 745 2728 exercitu
763 2670 889 2731 habena
917 2670 999 2730 scies
1019 2670 1091 2729 mul·

120 2760 181 2811 tum
203 2752 340 2826 patuisse
362 2750 421 2810 boc
443 2757 580 2825 tempus,
605 2767 643 2810 ex
666 2767 726 2827 quo
748 2753 790 2811 nil
808 2751 979 2829 perdidisti.
1009 2768 1094 2813 num·

122 2851 212 2911 quam
239 2841 447 2910 aconspectu
468 2842 520 2896 tuo
542 2835 679 2897 recessit.
713 2835 770 2896 sub
793 2835 890 2907 oculis
911 2835 972 2896 tuis
994 2833 1095 2896 studia

121 2919 261 2981 formavit
278 2919 454 2980 excellentis
476 2918 587 2994 ingenii
609 2925 640 2979 et
659 2920 818 2995 aequaturi
836 2935 940 2994 avum,
960 2916 1020 2981 nisi
1041 2916 1094 2979 ob

122 3003 250 3062 stitisset
273 3004 472 3077 uerecundia,
502 3020 582 3078 quae
607 3005 768 3065 multorum
791 3003 948 3079 protectus
975 3002 1095 3063 silentio

92 3084 244 3159 opressit.
275 3086 468 3146 Adulescens
496 3088 669 3146 rarissimae
697 3088 812 3149 formae
839 3088 870 3147 in
897 3094 958 3148 tarn
987 3100 1097 3161 uragna

121 3165 300 3227 feminarum
323 3167 410 3227 turba
437 3169 520 3228 viros
546 3172 803 3246 corrumpentium
828 3169 940 3231 nullius
964 3185 1001 3230 se
1028 3165 1096 3244 spei

121 3249 276 3326 praebuit,
297 3255 327 3308 et
343 3266 410 3310 cum
426 3253 623 3327 quarumdam
638 3270 737 3329 usque
751 3255 790 3315 ad
804 3253 1012 3330 temptandum
1028 3266 1097 3327 per-

121 3334 258 3394 venisset
272 3332 456 3407 inprobitas,
483 3334 603 3396 erubuit
623 3339 710 3411 quasi
730 3345 907 3413 peccasset,
932 3337 1017 3412 quod
1033 3335 1097 3410 pla·

99 3453 101 3455 >
122 3425 235 3480 onerat.
264 3417 322 3476 bac
343 3418 499 3478 sanctitate
521 3428 637 3479 morum
652 3420 768 3497 effecit,
794 3429 827 3481 ut
840 3436 918 3496 puer
931 3419 1097 3481 admodum
