2378 3856
271 525 272 528 ¹
317 424 707 546 unumunurn
893 502 896 508 ,

185 574 558 674 nilluutlttltl
598 574 769 670 LIBER
806 577 836 668 Ι.

377 749 428 799 ΑΙ)
451 748 643 802 LUCILIUM

58 873 150 935 mult
164 870 306 946 atloun
320 867 677 963 lltcoltllounaoltls
691 869 793 931 VIRIS
807 868 1002 933 Acclnlllr

200 1009 205 1017 ·
290 966 370 1030 cult
387 966 644 1029 Paovlonrtrlt
665 967 733 1030 alr.
778 1062 781 1067 Ι

486 1103 538 1139 SIVE

362 1199 406 1265 nl
422 1198 663 1266 trutmannia.
699 1261 703 1270 .

437 1347 575 1358 uun——

104 1459 127 1517 l.
171 1418 331 1524 Quaesisti
346 1473 441 1532 ame,
463 1457 573 1533 Lucili,
598 1457 671 1533 quid
685 1455 741 1531 ita,
764 1457 790 1517 si
812 1455 1032 1532 providential

58 1540 154 1601 andus
176 1545 331 1615 ageretur,
353 1542 447 1602 multa
465 1541 556 1602 bonis
574 1540 646 1601 viris
667 1543 748 1600 mala
764 1541 926 1602 accidere
941 1540 1003 1604 hoc

60 1622 211 1685 mmodius
231 1623 263 1682 ln
277 1629 422 1686 contextu
437 1626 540 1701 operis
555 1625 749 1696 redderetur,
771 1640 839 1684 oum
855 1639 1003 1699 praeesse

58 1706 173 1768 ¹iversis
199 1706 422 1782 providentiam
445 1710 646 1784 probaremus
673 1715 703 1767 et
732 1708 883 1768 interesse
911 1707 1001 1767 nobis

58 1807 122 1852 tum.
134 1789 191 1850 sed
203 1791 442 1865 quoniamatoto
453 1791 630 1868 particulam
642 1790 748 1851 revelli
759 1792 859 1866 placet
870 1796 900 1850 et
909 1805 1000 1850 unam

59 1873 291 1935 ntradictionem
305 1883 446 1937 manente
460 1876 511 1936 lite
525 1876 642 1950 integra
657 1875 794 1948 solvere,
814 1871 922 1935 laciam
936 1889 1001 1935 rem

58 1973 83 2016 m
95 1954 257 2028 difficilem,
273 1972 398 2019 causam
409 1960 537 2019 deorum
549 1972 647 2034 agam.
668 1956 898 2034 Supervacuum
911 1958 999 2019 estin
1013 1964 1030 2017 2

58 2039 197 2099 aesentia
209 2041 371 2101 ostendere
382 2059 443 2111 non
455 2043 523 2103 sine
534 2043 636 2117 aliquo
649 2042 779 2103 custode
792 2049 909 2103 tantum
921 2058 1000 2117 opus

58 2136 105 2181 are
118 2135 176 2180 nec
188 2121 270 2181 hunc
285 2123 419 2185 siderum
433 2134 553 2187 coetum
568 2126 806 2200 discursumque
827 2125 940 2186 fortuiti
956 2125 1000 2185 in·

58 2210 113 2264 tus
129 2211 249 2267 essetet
259 2221 337 2278 quaa
352 2223 443 2270 casus
456 2210 560 2270 incitat
574 2223 669 2284 saepe
683 2207 797 2268 turbari
808 2215 839 2267 et
852 2208 910 2267 cito
924 2207 1000 2267 aric-

58 2303 102 2362 re,
123 2286 203 2346 hanc
217 2285 399 2349 inoffensam
413 2293 602 2353 velocitatem
620 2290 788 2365 procedere
803 2297 944 2350 aeternae
958 2291 1000 2349 le-

58 2389 67 2432 3
81 2370 210 2447 imperIo
222 2377 336 2432 tautum
345 2388 446 2434 rerum
456 2382 536 2437 terra
546 2375 683 2448 marique
693 2378 871 2449 gestantem,
885 2379 1000 2434 tantum

58 2456 259 2517 nissimorum
274 2455 420 2518 luminum
435 2468 517 2520 etex
537 2457 688 2534 disposito
703 2456 921 2531 relucentium·
940 2474 999 2518 non

58 2554 93 2599 se
103 2539 248 2601 materiae
256 2540 387 2603 ananus
395 2540 476 2602 hunc
488 2542 694 2612 ordinemnec
706 2557 785 2616 quae
796 2547 909 2602 temere
920 2541 1000 2602 coie-

58 2629 104 2696 nt,
119 2629 201 2685 tanta
212 2630 277 2685 arte
288 2625 436 2700 pendere,
451 2631 485 2684 ut
496 2632 642 2686 terrarum
653 2624 867 2698 gravissimum
879 2625 1000 2699 pondus
1038 2660 1042 2669 ι

58 2706 129 2766 deat
135 2706 280 2767 inmotum
288 2706 408 2769 ctcirca
419 2724 454 2768 se
466 2708 659 2783 properantis
671 2708 750 2767 coeli
759 2708 998 2783 lugam'spectct

71 2788 174 2851 inlusa
186 2791 316 2851 vallibus
335 2791 432 2851 maria
448 2791 584 2851 molliant
602 2798 699 2852 terras
716 2806 774 2850 uec
792 2792 886 2852 ullum
898 2791 999 2851 incre·

58 2880 153 2934 tntum
173 2872 331 2935 fluminum
348 2873 492 2945 seruant,
515 2879 549 2933 ut
563 2889 603 2934 ex
617 2873 748 2933 minimis
763 2873 931 2934 seminibus
945 2889 998 2933 ua·

58 2963 145 3017 antur
158 2956 301 3030 ingentia.
324 2968 363 3015 ne
376 2956 427 3015 illa
442 2956 562 3030 quidem
579 2970 659 3030 quae
671 2956 814 3017 videntur
827 2956 958 3017 confusa
971 2962 1031 3017 eta

58 3046 149 3111 terta,
175 3038 297 3114 pluvias
313 3038 383 3099 dico
397 3038 558 3115 nubesque
572 3045 603 3099 et
619 3039 763 3100 elisorum
783 3040 942 3101 fulminum
953 3037 997 3101 ia·

58 3139 87 3185 1s
104 3129 135 3186 et
145 3122 286 3184 incendia
299 3122 399 3197 ruptis
413 3123 559 3185 montium
574 3119 866 3198 vernalescum,
885 3131 996 3185 tremo·

58 3205 215 3269 slabautis
229 3205 288 3268 soli
303 3212 334 3265 et
348 3203 409 3265 alia
421 3221 500 3282 quae
514 3205 701 3267 tumultuosa
712 3220 786 3281 pars
796 3221 901 3272 ‚rerum
916 3206 998 3267 circa

58 3306 116 3351 ras
130 3297 247 3365 movet,
262 3287 329 3350 siue
341 3288 476 3364 ratione,
491 3285 631 3364 quamvis
645 3287 746 3349 sublta
755 3289 830 3365 sint,
846 3288 997 3360 acolduut,

58 3374 166 3449 dsuas
179 3379 211 3433 et
219 3373 273 3435 illa
286 3384 397 3433 causas
410 3370 598 3453 hebetando
611 3368 713 3433 miuus
726 3364 996 3489 qamt-'orieldis-
