2378 3856
115 456 212 516 guore
233 438 383 512 demissa,
412 446 503 517 prout
522 439 642 498 animus
664 453 769 499 eoram
790 436 865 499 nivii
889 445 943 502 aut
965 448 1081 503 marcet

114 525 210 583 Erunt
231 522 332 595 cives,
356 526 445 583 erant
463 520 541 583 saell
561 520 644 596 digni
665 520 725 581 bac
743 521 879 585 bonitate
900 530 933 585 et
949 523 982 583 ia
995 530 1083 587 totum

115 608 220 668 orbem
235 605 309 666 recti
324 620 426 667 mares
439 610 642 665 revertemurz
664 611 808 680 parcetur
820 604 937 681 ubique
948 606 1083 669 manibus

82 691 211 764 2[tuis].
248 690 368 751 Diutius
388 703 437 748 me
455 688 566 749 mamni
588 687 637 748 liic
655 694 781 763 patere,
809 704 868 749 non
891 696 925 751 ut
945 689 1084 753 blandum

115 775 241 834 auribus
255 774 325 835 tuis.
352 787 410 837 aec
424 772 505 833 enim
519 770 570 833 hie
582 771 655 832 mibi
669 787 736 832 mos
750 780 808 835 est
833 774 995 839 maluerim
1008 774 1085 836 retis

115 858 273 919 offendere
289 872 380 931 quam
396 857 518 930 placere
532 854 702 916 adalanum
727 850 803 931 quid
816 871 893 931 ergo
906 862 980 937 esti
1004 872 1084 935 pree

114 949 160 1002 ter
180 940 226 1013 id,
250 940 334 1014 quad
354 939 433 998 bene
454 939 541 998 lactis
562 938 716 1016 dictisque
735 940 795 1000 tuis
809 956 903 1015 quam
918 941 1084 1003 lamiliario

115 1025 224 1085 simum
239 1037 311 1083 csse
324 1029 354 1081 le
367 1021 475 1096 cupio,
497 1029 531 1081 ut
545 1022 629 1096 quod
644 1038 727 1083 nnnc
738 1030 846 1084 natura
855 1030 887 1085 et
895 1022 1023 1100 inpetus
1034 1031 1085 1101 eei,

114 1108 167 1166 fiat
181 1106 341 1179 iudicium,
362 1104 436 1164 illud
452 1119 570 1165 meeum
585 1106 765 1181 considero,
785 1108 897 1168 multas
911 1122 1013 1171 voces
1028 1124 1085 1171 ina·

114 1205 206 1265 gnos,
232 1190 289 1249 sed
310 1188 521 1263 detestabiles,
549 1188 578 1247 in
605 1190 695 1249 vitam
719 1189 881 1251 humanam
906 1192 1085 1267 pervenisse

115 1274 315 1349 celebresque
329 1274 421 1348 volgo
437 1271 524 1344 leani,
546 1280 581 1333 nt
595 1272 691 1333 iilam:
711 1274 842 1348 admont,
862 1274 936 1337 &ott
948 1282 1085 1339 mermi.

114 1358 163 1418 cui
185 1358 320 1417 Graecus
339 1372 449 1417 versus
470 1355 578 1416 similis
592 1364 640 1417 est
654 1356 754 1433 [atach
777 1357 830 1434 qui
842 1372 879 1418 se
892 1365 1017 1421 mortam
1031 1366 1085 1421 lor·
1121 1418 1125 1443 ¹

81 1449 99 1503 3
113 1457 176 1501 ram
193 1439 314 1500 misceri
329 1440 450 1514 ignibus
462 1437 560 1513 iubet,
583 1448 613 1500 et
627 1440 686 1501 aila
700 1440 791 1501 buius
805 1448 909 1503 natae.
929 1458 969 1503 oc
982 1443 1084 1505 nescio

115 1524 271 1599 quomodo
292 1524 414 1598 ingenia
434 1522 568 1583 inmania
586 1531 618 1584 et
637 1523 738 1585 invisa
759 1523 888 1585 mamria
910 1525 1084 1589 secundiori

114 1615 335 1684 expresserunt
356 1622 468 1667 sensus
487 1607 686 1668 vehementes
707 1613 738 1667 et
761 1609 943 1671 concitatos.
975 1610 1083 1671 nullam

114 1689 909 1766 adbaevocemandiviexbonoieniqaeauimesam.
929 1692 1083 1770 quidergo

114 1782 182 1835 est?
208 1782 242 1834 ut
261 1791 347 1845 raro,
369 1774 480 1834 invitus
494 1781 526 1833 et
543 1790 611 1835 cum
626 1790 736 1850 magna
749 1775 958 1851 cunctatione,
979 1776 1023 1837 ila
1032 1777 1083 1837 eli
1119 1818 1122 1825 ·

115 1859 238 1933 quando
260 1856 378 1919 scribas
396 1872 526 1916 necesse
539 1865 588 1918 eet
601 1858 698 1932 istud,
720 1858 806 1933 quod
817 1857 872 1920 tibi
886 1859 919 1919 in
932 1859 1038 1922 odium
1051 1857 1083 1919 li·

114 1947 195 2000 terne
209 1940 352 2013 adduxit,
375 1940 446 2011 sed,
466 1940 546 2001 sieut
559 1941 648 2020 iacis,
674 1957 743 2002 eum
757 1957 870 2018 magna
883 1944 1082 2017 cunctatione,

114 2039 182 2084 eum
199 2024 300 2084 multis
316 2021 522 2084 dilationibus.

85 2118 98 2168 1
176 2107 225 2166 ill.
253 2107 291 2168 Et
311 2122 350 2166 ne
371 2108 450 2168 larte
470 2107 603 2183 decipiat
622 2124 680 2169 nos
704 2108 883 2183 speclosum
907 2110 1084 2171 deutentia'e

115 2207 225 2252 nomen
247 2191 412 2267 aliquando
428 2196 458 2250 et
473 2190 504 2251 in
520 2189 704 2252 annuariam
718 2191 863 2267 abducat,
886 2193 1081 2254 videamus

114 2273 206 2415 ἓιιίᾱ
228 2275 281 2335 sit
299 2275 505 2335 clementia
524 2275 735 2351 qualisque
755 2277 971 2352 altetqaaa
986 2278 1085 2338 lines
1124 2224 1126 2345 ι

140 2359 262 2420 abeat.
621 2372 631 2389 ·

177 2442 396 2503 clementiaeat
406 2443 604 2517 temperantia
615 2443 705 2502 animi
718 2442 747 2502 in
760 2448 913 2518 potestate
919 2443 1087 2506 ulciscendi

113 2525 163 2582 vel
172 2525 281 2586 lenitas
292 2525 462 2601 superioris
473 2527 625 2586 adversus
637 2525 1087 2589 interioremiueonetiluendis
1124 2570 1126 2591 .

114 2608 234 2681 poenis.
266 2608 356 2668 Plura
372 2624 545 2683 proponere
558 2610 650 2670 tutius
666 2617 727 2684 est,
747 2626 786 2671 ne
800 2609 1087 2688 anaealttapam

113 2705 178 2750 rem
200 2689 430 2765 comprehendat
449 2698 494 2765 et,
521 2700 554 2752 ut
580 2692 622 2752 ita
646 2694 764 2768 dicam,
792 2695 924 2755 lermnle
948 2694 1086 2757 excidua

113 2771 217 2848 itaque
232 2773 291 2834 dici
307 2781 409 2849 potest
419 2781 450 2834 et
460 2773 614 2836 inclinatio
627 2777 718 2836 animi
728 2778 769 2837 ad
779 2776 933 2839 lenitatem
943 2778 976 2838 in
987 2793 1088 2854 poena

85 2858 275 2932 lexigenda.
311 2859 365 2918 llla
385 2858 481 2920 linitio
504 2860 760 2921 contradictiones
773 2859 923 2936 inveniet,
946 2860 1087 2938 quamvis

112 2942 243 3002 maxime
258 2942 298 3001 ad
313 2958 418 3002 verum
433 2945 576 3003 accedam
595 2944 622 3003 si
634 2943 801 3005 dixerimus
813 2943 1004 3005 elementiam
1016 2960 1088 3006 esse

113 204 177 268 ³00
402 205 435 264 L.
456 204 602 265 ANNAEl
624 203 800 266 SENECAE

116 359 145 418 in
161 371 268 417 omnes
283 356 371 433 [exim
392 356 502 432 omnio]
518 363 625 429 vegeta
646 360 718 414 sunt
735 361 828 429 atque
842 364 948 418 erecta
960 364 1015 421 eat
1025 360 1080 419 lan

113 3026 351 3086 moderationem
366 3027 481 3102 aliquid
492 3041 530 3086 ex
544 3027 650 3087 merila
660 3042 696 3087 ac
708 3027 810 3087 debita
821 3028 1089 3103 poenatemitten·

112 3115 188 3180 lem,
209 3109 422 3169 reclamabitur
438 3111 550 3170 nuliam
565 3110 708 3186 virtatem,
717 3112 859 3186 cuiquam
869 3112 972 3172 minus
982 3112 1088 3174 debito

113 3192 225 3251 lacere.
248 3193 333 3267 atqui
344 3191 404 3253 boc
415 3194 993 3269 amnesintelleguntciementiamesse,
1007 3211 1089 3271 quae

21 3298 39 3332 ν
113 3289 148 3333 se
162 3273 257 3336 flectit
271 3277 349 3336 citra
359 3275 406 3347 id,
431 3277 514 3351 quod
529 3277 636 3338 merito
652 3278 795 3338 constitui
811 3286 928 3353 posset

23 3392 39 3405 ,
87 3367 98 3416 l
175 3359 227 3419 IV.
249 3358 328 3419 Huic
343 3360 523 3421 contrariam
538 3360 659 3435 inperiti
678 3368 785 3436 putant
798 3363 1009 3423 severitatema
1032 3363 1090 3423 sed

112 3443 195 3501 nulla
214 3443 312 3502 virtus
333 3443 436 3504 virtuli
456 3443 607 3504 coenaria
630 3452 686 3504 eat.
722 3445 811 3520 quid
840 3460 934 3520 erga
963 3461 1089 3522 oppo-
