2378 3856
285 216 387 276 DIAL.
411 219 446 276 V.
469 216 523 277 DE
543 219 613 279 IRA
633 219 706 280 tle.
728 221 778 280 ΙΙΙ»
799 232 885 286 5—7.
1032 223 1074 290 05

94 380 124 429 et
146 373 250 431 furens
272 386 332 431 non
355 368 483 445 primam
503 371 608 432 reiecit
625 373 863 433 verecundiam?
883 376 953 450 quis
968 377 1074 454 inpetu

94 455 234 514 turbidus
255 460 285 512 et
306 454 336 513 in
359 454 491 529 aliquem
511 469 605 514 ruens
627 472 688 515 non
710 456 861 532 quiequid·
877 458 907 518 in
929 476 970 521 se·
985 477 1073 522 veres

94 537 189 597 cundi
208 536 328 612 habuit,
350 534 480 597 abiecit?
508 536 559 599 cui
579 536 910 602 officiorumnumarus
928 552 982 605 aut
995 547 1072 607 oruc

93 621 231 682 constitit
249 621 392 681 incitatae
418 620 489 694 quis
510 620 632 695 linguae
650 623 855 697 temperavit?
883 625 959 701 qula:
978 630 1071 689 ullam

92 712 210 780 partem
227 704 366 779 corporis
380 704 497 764 tenuitt
521 704 640 781 quisse
654 719 762 779 regere
780 707 878 780 potuit
891 709 1072 772 inmissuml

91 787 234 848 Proderit
249 786 340 847 nobis
353 786 427 847 illud
442 786 606 849 Democriti
621 787 755 849 salutare
774 800 988 868 praeceptum,
1008 808 1099 870 quoe

91 877 277 931 monstratur
289 871 501 946 tranquillitas,
518 871 550 931 si·
560 885 664 946 neque
677 873 818 946 priuatim
834 889 935 950 usque
948 877 1071 951 publice

91 955 186 1014 multa
210 961 261 1014 aut
284 954 401 1014 maiora
424 954 540 1015 viribus
565 953 680 1015 nosuis
706 957 869 1030 egerimus.
897 958 1070 1036 ‘umquam

89 1046 152 1097 tam
173 1037 300 1098 feliciter
320 1039 349 1097 in
368 1038 462 1098 multa
479 1037 661 1098 discurrenti
676 1038 798 1113 negotia
813 1041 883 1103 dies
893 1045 1016 1116 transit,
1037 1052 1071 1105 ut

89 1138 151 1181 non
168 1128 220 1180 aut
234 1137 275 1181 ex
289 1122 417 1185 homine·
426 1128 478 1181 aut
492 1137 532 1181 ex
543 1137 577 1180 re
593 1121 717 1182 eliense
728 1130 889 1199 nascatur,
909 1142 995 1200 quae
1004 1128 1068 1188 ani·

88 1221 172 1264 mum
186 1203 215 1263 in
238 1205 299 1265 iras
319 1212 415 1280 parat.
445 1205 706 1279 Quemadmodum
727 1221 783 1279 per
798 1207 1098 1282 nequentiaurbist

88 1289 159 1350 loca
174 1286 350 1364 properanti
365 1289 395 1346 in
410 1289 520 1348 multos
535 1288 776 1348 incursitandum
793 1295 885 1349 estet
899 1291 993 1353 aliubi
1007 1294 1069 1354 labi

88 1387 220 1432 necesse
241 1378 302 1443 est,
325 1371 415 1430 aliubi
437 1372 575 1446 retineri,
600 1371 692 1431 aliubi
711 1373 869 1448 respergit
896 1375 938 1434 ita
956 1374 987 1434 ia
1007 1375 1068 1436 hoc

87 1458 169 1514 vitae
191 1462 260 1514 actu
280 1452 431 1528 dissipato
452 1462 484 1513 et
502 1469 583 1528 vago
601 1457 694 1514 multa
712 1455 934 1533 inpedimenta,
956 1461 1068 1520 multae

67 1532 69 1538 ’
89 1539 234 1613 querelae
248 1537 384 1598 incidunt
392 1559 404 1592 =·
414 1537 491 1598 alius
506 1553 593 1614 spem
604 1539 866 1612 nostraml‘elcllit
881 1543 1066 1604 aliusdlstu·

88 1622 130 1694 lit,
147 1621 225 1680 alius
240 1621 405 1695 intercepit.
428 1636 488 1681 non
505 1637 544 1682 ex
559 1619 712 1683 destinato
727 1624 887 1698 proposita
901 1625 1066 1688 fluxerunt.

86 1704 167 1764 Nulli
186 1705 306 1766 lortuna
327 1712 390 1766 tam
409 1705 512 1765 dedita
533 1713 593 1781 est,
607 1714 641 1767 ut
660 1707 755 1766 multa
776 1711 932 1782 temptanti
955 1710 1095 1786 ubique5

86 1789 290 1863 respondeat:
314 1790 452 1864 sequitur
466 1803 549 1865 ergo,
565 1799 599 1850 ut
613 1791 640 1850 is
655 1791 708 1850 eui
720 1796 829 1850 conae·
841 1807 932 1865 quarn
952 1808 1064 1868 propo-

87 1879 203 1946 suerat,
229 1874 331 1947 aliqua
354 1881 528 1945 cesserunt,
554 1874 711 1949 inpatiens
726 1873 886 1934 hominum
902 1891 1066 1952 rerumque

87 1955 141 2026 sit,
163 1970 201 2013 ex
223 1955 386 2016 levissimis
408 1956 512 2017 causis
528 1957 678 2018 irascatur·
693 1973 774 2017 nunc
795 1973 962 2032 personae,
986 1976 1065 2020 nunc

86 2038 225 2111 negotio,
243 2041 423 2112 nuncluce,
447 2056 528 2099 nunc
543 2042 697 2113 fortunae,
714 2056 795 2100 nunc
810 2041 878 2101 sibi.
911 2043 1021 2118 ltaque
1034 2049 1095 2104 utb

87 2121 209 2195 quietus
231 2123 332 2195 possit
351 2137 427 2182 esse*
445 2124 581 2196 animus,
603 2138 664 2182 non
680 2130 728 2182 est
741 2123 974 2184 iactandusnec
989 2128 1065 2185 matl-

86 2211 200 2274 tarum,
225 2212 259 2264 ut
286 2205 363 2278 dixi,
389 2219 490 2264 rerum
515 2212 586 2265 actu
609 2206 784 2279 fatigandus
808 2221 867 2265 nec
887 2223 1065 2280 magnarum

86 2302 243 2361 supraque
263 2287 346 2346 vires
368 2288 578 2362 adpetitarmn.
607 2287 714 2347 Facile
724 2293 772 2346 est
784 2286 865 2346 levia
878 2296 985 2364 aptare
999 2305 1064 2349 cer-

85 2370 204 2430 vicibus
220 2377 250 2430 et
264 2367 298 2429 in·
310 2369 389 2429 itanc
405 2378 458 2430 aut
469 2370 550 2430 illam
565 2377 683 2446 partem
697 2371 863 2431 transferte
878 2371 1064 2448 sinelapsu=

86 2461 117 2514 at
140 2468 221 2529 quae
243 2451 355 2513 alienis
371 2453 401 2512 ln
421 2467 483 2514 nos
500 2454 640 2514 manibus
661 2452 797 2530 inposita
818 2467 912 2528 aegre
931 2457 1063 2516 sustine-

84 2547 163 2611 mus,
179 2536 251 2597 victi
266 2536 296 2596 in
312 2537 451 2612 proximo
467 2535 662 2598 amouimus.
685 2536 778 2601 enam
789 2536 862 2596 dum
875 2543 991 2600 stamus
1006 2540 1063 2600 sub

85 2621 216 2693 sarcina,
231 2620 354 2696 inpares
369 2622 455 2682 oneri
469 2622 657 2682 vacillamus.
790 2621 791 2625 ’

147 2704 213 2762 Vll.
236 2705 322 2763 idem
341 2704 483 2764 accidere
503 2705 533 2764 in
553 2706 649 2766 rebus
668 2706 810 2767 ciuilibus
828 2723 869 2766 ae
886 2705 1089 2767 domesticisl

86 2786 178 2845 scias.
211 2787 339 2860 Negotia
363 2787 507 2864 expedita
530 2796 561 2848 et
587 2788 701 2850 habilia
720 2797 890 2864 sequuntur
912 2797 1061 2851 actoremz

85 2869 219 2944 ingentia
239 2876 270 2927 et
290 2883 385 2944 snpra
405 2886 577 2931 mensuram
601 2872 737 2944 gerentia
757 2887 815 2930 neo
835 2871 909 2930 dant
922 2871 1062 2930 selacile

85 2959 130 3026 et,
153 2952 181 3012 si
201 2960 354 3026 occupata
375 2960 458 3025 sunt,
485 2960 626 3027 premunt
647 2960 739 3026 atque
759 2952 916 3011 abducunt
982 2952 1061 3012 nim-

86 3042 232 3095 strantem
247 3034 409 3110 tenerique
424 3037 483 3095 iam
496 3035 566 3095 visa
586 3050 654 3095 cum
670 3035 740 3111 ipso
756 3035 882 3095 caduutz
963 3043 1010 3108 nt,
1028 3042 1063 3096 ut

86 3121 264 3194 frequenter
275 3118 363 3177 inrita
383 3119 423 3178 sit
442 3119 509 3179 eius
526 3119 607 3179 volut
709 3120 764 3190 qut
781 3135 845 3180 non
942 3147 947 3169 t
961 3120 1019 3179 laci

83 3211 157 3263 sunt
170 3202 361 3276 adgreditur,
377 3202 433 3262 sed
449 3203 513 3263 vult
527 3200 646 3263 facilia:
822 3219 838 3264 a
970 3219 1010 3264 st
1058 3243 1060 3258 .

86 3284 231 3359 Quotiens
252 3283 368 3360 aliquio
391 3284 573 3360 conaberis,
592 3293 646 3346 tet
758 3309 790 3346 et
808 3302 886 3358 seq
968 3302 974 3358 l
1078 3292 1089 3346 t

86 3369 259 3444 quibusque
280 3369 399 3443 parans
416 3369 489 3444 ipse
505 3370 622 3429 metire
655 3389 662 3429 t
918 3389 954 3429 as
1026 3389 1063 3428 uu

85 3452 272 3526 poenitentia
293 3452 396 3528 operis
418 3450 531 3512 inlecti,
563 3451 624 3512 hcc
646 3451 654 3510 l
