2378 3856
164 202 491 280 innascuntur
513 201 813 264 cousotarrouu.
840 212 879 266 19.
896 212 939 264 ro.
977 201 1037 266 131

60 351 184 426 publica
204 351 308 421 clades
324 348 524 424 prospicitur,
546 352 629 410 nulla
648 351 775 426 privata
804 370 864 414 non
888 355 1037 416 sollicitus

59 434 150 495 tuturi
159 435 309 509 pendetet
319 449 358 492 ex
369 440 479 495 eventu
491 448 612 509 semper
624 433 656 492 in
666 434 830 504 incertiora
842 436 1037 512 dependenti.

58 518 182 578 tandem
197 517 239 577 ibi
253 515 397 590 constitit,
411 517 548 577 undenil
561 532 628 577 eum
643 519 747 592 pellat,
761 518 814 580 ubi
827 519 901 578 nibil
916 527 1037 583 terreat.

121 601 184 660 lut
208 601 371 674 otgmros
384 601 533 663 maurum
547 616 682 675 suorum,
705 601 815 675 quihus
832 620 891 674 non
908 619 991 666 mors
1006 612 1038 664 ut
1053 614 1068 666 l

59 683 206 760 optimum
222 684 378 744 inventum
391 691 518 745 naturae
532 685 672 745 laudatur
687 692 955 762 exspectatumque,
968 687 1038 748 sive

59 768 232 828 felicitatem
251 766 385 841 includit,
404 765 472 828 siue
495 767 694 829 calamitatem
707 766 835 842 repellit,
858 771 926 830 sive
945 771 1037 831 satie-

57 860 151 911 tatem
164 866 201 910 ac
215 850 425 911 lassitudinem
442 851 526 912 senis
537 853 685 923 terminat,
699 851 767 912 siue
782 851 916 923 iuvenile
927 869 1037 914 aeuum

58 936 132 994 dum
146 936 271 994 meliora
288 939 462 1009 sperantur,
483 933 515 995 iu
536 932 613 996 flora
634 935 768 1009 deducit,
790 936 857 997 sive
875 936 1036 1011 pueritiam

57 1025 129 1077 ante
144 1019 283 1079 duriores
293 1017 411 1092 gradus
421 1024 558 1092 revocat,
572 1019 712 1079 omnibus
726 1017 805 1092 finis,
821 1021 923 1088 multis
938 1036 1035 1082 reme-

58 1102 150 1175 dium,
168 1101 353 1178 quibusdum
366 1109 478 1175 votum,
493 1102 534 1163 do
544 1103 639 1162 nullis
649 1103 757 1162 melius
768 1105 876 1165 merita
890 1121 982 1179 quam
997 1105 1036 1164 de

56 1185 104 1256 iis,
121 1185 161 1244 ad
181 1202 267 1260 quos*
281 1185 366 1245 venit
384 1194 547 1259 antequam
566 1185 774 1248 invocaretur:
801 1186 885 1246 Haec
906 1186 1066 1250 servitu-2

56 1274 117 1326 tem
132 1269 225 1329 invito
241 1269 365 1329 domino
386 1268 515 1329 remittit.
538 1267 615 1329 haec
636 1267 827 1341 captivorum
845 1275 974 1330 caunas
993 1271 1034 1328 le·
1058 1309 1061 1315 -

56 1359 116 1410 vat.
138 1353 216 1411 haec
230 1367 388 1410 coarcere
407 1351 511 1412 educit
525 1366 604 1424 quos
618 1350 703 1410 exire
717 1350 877 1425 imperium
890 1351 1035 1427 inpotens

57 1442 203 1494 vetuerat.
234 1434 311 1494 haec
326 1434 470 1494 exulibus
483 1433 513 1496 in
527 1433 655 1508 patriam
677 1448 800 1509 semper
815 1434 947 1495 animum
963 1451 1035 1496 ocu-

56 1519 169 1591 losque
188 1516 382 1576 tendentibus
404 1516 538 1577 ostendit
562 1516 634 1577 nihil
654 1516 820 1591 interesse,
850 1519 928 1586 intra
948 1519 1035 1593 ‚quod

58 1600 129 1674 quis
144 1601 250 1660 iaceat.
278 1600 355 1660 haec
370 1600 430 1674 ubi,
449 1614 500 1660 res
516 1602 685 1661 communis
699 1603 822 1662 lortuna
836 1604 915 1663 male
932 1602 1036 1663 divisit

57 1691 88 1743 et
102 1699 203 1758 aequo
218 1683 284 1743 iure
297 1683 524 1758 genitos-alium
538 1683 588 1745 alii
602 1685 736 1756 donavit,
755 1692 908 1764 exaequat
922 1686 1034 1745 omnia.

56 1767 133 1825 haec
149 1775 203 1841 est,
226 1776 404 1842 postquam
418 1767 490 1828 rliitil
506 1768 669 1842 quisquam
688 1767 788 1828 alieno
810 1769 881 1828 lecit
900 1767 1034 1828 arbitrio.

55 1850 132 1908 haec
148 1857 205 1922 est,
218 1851 249 1909 in
265 1867 327 1927 qua
340 1867 430 1913 nemo
445 1849 640 1913 humilitatem
657 1868 742 1914 suam
758 1853 864 1912 sensit.
886 1851 964 1912 haec
978 1859 1034 1926 est,

58 1949 137 2006 qnae
152 1933 226 1993 nulli
241 1951 302 1994 non
317 1935 422 2010 patuit.
450 1934 527 1996 haec
542 1942 599 2009 est,
610 1934 733 2008 Marcia,
748 1950 839 2009 quam
860 1942 947 2010 pater
963 1941 1033 1996 tuus

57 2017 220 2092 concupiit.
253 2018 330 2078 haec
343 2025 414 2089 est,
436 2017 569 2093 inquam,
591 2035 671 2093 quae
692 2018 795 2091 allicit,
811 2025 845 2077 ut
866 2019 951 2078 nasci
971 2034 1034 2078 non

57 2099 96 2158 sit
116 2099 313 2174 supplicium,
337 2117 417 2176 quae
437 2101 546 2174 elficit,
566 2110 674 2166 utnon
698 2100 858 2163 concidam
882 2101 1033 2161 adversus

56 2184 155 2241 minas
172 2198 313 2255 casuum,
335 2191 368 2243 ut
379 2199 504 2242 servare
527 2184 658 2244 anitnum
681 2186 799 2244 salvum
820 2200 857 2243 ac
878 2190 1034 2258 potentem

56 2267 104 2326 sui
117 2264 253 2340 pessima
267 2265 366 2327 habco
380 2265 464 2340 quod
474 2267 634 2340 adpellem.
656 2266 757 2327 Video
769 2264 838 2325 istic
850 2281 959 2325 cruces
973 2273 1067 2329 nont

56 2349 285 2423 uniusquidem
302 2348 507 2422 generis,sed
525 2347 611 2408 aliter
632 2349 670 2409 ab
690 2348 758 2407 aliis
780 2348 959 2408 fabricatas:
982 2363 1031 2408 aa·

56 2435 118 2508 pite
140 2431 264 2508 quidam
284 2447 454 2492 conversos
478 2431 507 2490 in
538 2439 648 2491 terram
669 2431 876 2505 suspendere,
906 2430 958 2490 alii
977 2447 1033 2505 per
1109 2492 1111 2497 ,

56 2519 214 2578 obseoena
227 2515 360 2591 stipitem
375 2521 510 2589 egerunt,
528 2514 578 2575 alii
592 2514 718 2575 brachia
728 2513 864 2589 patibulo
876 2515 1031 2590 explicue·
1105 2524 1110 2529 ’

55 2606 134 2659 runt.
155 2601 244 2660 video
259 2600 408 2670 fidiculas,
423 2599 514 2659 video
529 2599 667 2660 verbera.
690 2606 720 2659 et
736 2597 881 2658 membris
902 2599 1031 2673 singulis

55 2692 85 2744 et
99 2683 234 2744 articulis
249 2684 370 2758 singula
391 2682 563 2744 docuerunt
574 2682 830 2743 machinamenta:
851 2688 882 2742 at
896 2682 987 2742 video
1003 2689 1033 2741 et

54 2773 192 2825 mortem.
215 2773 284 2826 sunt
298 2766 366 2827 istie
380 2765 486 2827 hostes
502 2767 627 2840 cruenti,
649 2765 734 2826 cives
750 2765 889 2840 superbi:
910 2765 968 2825 sed
987 2765 1031 2828 vi-

54 2851 115 2908 deo
130 2848 198 2908 istic
213 2855 243 2907 et
257 2857 393 2910 mortem.
414 2849 481 2909 Nan
497 2857 545 2909 est
556 2850 718 2908 molestum
730 2849 854 2919 servIre,
870 2846 923 2905 ubi
938 2847 964 2903 si
977 2846 1031 2905 do-

54 2929 127 2990 mini
143 2938 316 3005 pertaesum
327 2939 382 3003 est,
397 2931 468 2992 licet
479 2948 541 2991 uno
551 2931 647 3012 gradu
660 2931 698 2990 ad
713 2931 881 2990 libertatem
892 2928 1030 2986 transire.

55 3030 157 3075 caram
164 3021 202 3085 te,
217 3014 286 3086 vita,
298 3012 678 3075 beneficio-mortishabeo.
696 3011 833 3085 Cogita
845 3018 1030 3085 'quantum
1045 3019 1064 3073 4

53 3098 145 3158 boni
161 3105 503 3174 opportunamors
518 3096 667 3167 habeat,
685 3111 793 3169 quam
807 3092 938 3153 multis
955 3093 1031 3154 diu·

54 3183 132 3242 tius
146 3179 301 3241 vixisse
318 3180 507 3240 nocuerit.
530 3177 563 3239 Si
575 3178 627 3239 Cn.
639 3179 825 3253 Pompeium,
842 3179 936 3238 decus
949 3177 1031 3237 istud

53 3265 337 3339 firmamentumque
352 3263 479 3338 imperii,
492 3263 620 3338 Neapoli
633 3263 768 3324 valitudo
783 3261 969 3328 abstulisset,
986 3259 1030 3317 in-

54 3348 208 3409 dubitatus
236 3349 343 3425 populi
363 3347 491 3408 Romani
515 3348 658 3423 princeps
684 3352 874 3407 excesserat:
900 3349 930 3402 at
951 3355 1031 3399 nunc

54 3431 156 3505 exigui
170 3432 316 3508 temporis
338 3431 466 3492 adiectio
484 3431 604 3506 fastigio
620 3431 703 3491 illum
725 3445 781 3489 suo
803 3425 927 3568 degradit
959 3421 1032 3484 vidit
