2378 3856
163 212 226 276 116
351 215 384 272 L.
407 212 551 272 nunniti
575 211 749 271 SENECAE
770 212 872 272 nint.
893 212 946 272 vl.

163 367 260 427 luisse
275 362 333 425 sibi
354 365 499 423 contessa
512 371 573 435 est,
596 364 664 437 plus
685 378 775 438 quam
797 366 944 439 populum
959 366 1147 441 Romam

164 465 255 524 quem
270 447 392 507 nolebat
404 446 519 507 tristem
531 446 648 506 tristitia
660 462 717 507 sua
727 447 837 519 iacere,
852 449 922 522 plus
934 464 1029 524 qnam
1037 451 1147 529 Augu*

164 541 258 604 stum,
278 529 330 605 qui
346 530 497 590 subducto
512 532 607 590 altero
623 529 807 590 adminiculo
821 528 970 591 titubabat
984 547 1047 594 nec
1061 536 1148 597 luctu

163 631 288 676 suorum
313 613 505 674 inclinandus
531 620 611 686 erut,
644 615 714 687 plus
743 629 834 689 quam
857 614 1014 676 Tiberium
1037 617 1146 692 tinum,

164 699 251 758 cuius
270 698 367 772 pietus
388 697 555 769 efficiebat,
576 704 610 756 ut
630 697 659 756 in
676 698 727 757 illo
742 696 853 757 acerbo
869 704 900 757 et
912 696 1030 761 defleto
1044 703 1145 777 genti-

134 783 221 844 tbus
236 783 342 842 timere
356 781 428 840 nihil
445 780 503 839 sibi
517 779 576 839 nisi
598 796 755 840 numerum
776 780 888 841 deesse
908 782 1048 843 sentiret
1077 784 1145 859 Hic,

164 873 196 926 ut
209 866 333 940 opinor,
356 864 456 923 aditus
473 863 514 923 illi
535 863 605 937 init,
627 863 686 923 hoc
700 863 881 939 principium
896 864 982 939 apud
996 866 1145 928 feminam

165 948 318 1024 opinionis
344 961 420 1006 suae
450 946 608 1006 custodem
640 945 917 1020 diligentissimam
955 948 1091 1027 „Usque
1114 952 1145 1011 iu

164 1033 245 1092 hunc
260 1032 355 1103 diem,
371 1030 463 1101 lulla,
486 1036 630 1103 quantum
648 1030 771 1104 quidem
787 1045 845 1105 ego
860 1030 973 1105 sciam,
989 1033 1144 1096 adsiduus

164 1115 220 1173 viri
236 1113 278 1173 tui
294 1127 407 1184 comes,
421 1113 469 1173 cui
484 1129 545 1173 non
561 1119 673 1173 tantum
690 1115 814 1187 quaein
829 1112 985 1189 publicum
999 1116 1145 1179 emittun-

165 1205 214 1257 tur
227 1204 313 1271 nota,
337 1197 393 1257 sed
415 1212 522 1257 omnes
542 1203 613 1256 sunt
633 1196 816 1257 secretiores
838 1198 1008 1259 animorum
1021 1207 1144 1262 resno

164 1297 230 1342 rum
245 1288 356 1354 motus,
372 1280 484 1341 dedisti
495 1295 628 1356 operam,
644 1297 683 1340 ne
696 1280 769 1356 quid
780 1287 864 1341 esset
876 1282 960 1355 quod
972 1282 1003 1343 in
1014 1290 1048 1344 te
1060 1285 1143 1360 qnis-

133 1374 257 1440 ‹lquam
278 1363 524 1441 reprehenderet.
555 1380 613 1424 nec
632 1365 663 1424 id
683 1364 713 1423 in
733 1363 898 1425 maioribus
919 1365 1012 1428 modo
1036 1366 1144 1428 obser·

166 1450 253 1523 vasti,
269 1449 369 1509 sedin
385 1448 523 1520 minimis
540 1464 578 1507 ne
594 1448 668 1523 qnid
681 1448 810 1520 iaceres,
827 1447 876 1507 cui
887 1449 1010 1523 lamam,
1024 1450 1143 1511 uberri-

165 1549 244 1593 mam
271 1532 442 1606 principum
468 1530 616 1604 iudicem,
640 1532 737 1590 velles
766 1531 937 1606 ignoscere.
969 1548 1030 1593 uec
1059 1534 1142 1609 quic

167 1631 259 1691 quam
283 1613 442 1689 pulchrius
468 1615 607 1674 existimo
629 1630 719 1689 quarn
739 1614 770 1673 in
793 1631 912 1677 summo
933 1615 1060 1692 fastigio
1083 1618 1142 1678 col·

166 1701 281 1760 locatas
296 1699 456 1758 multorum
470 1713 571 1757 rerum
586 1697 706 1757 veniam
721 1697 805 1771 dare,
819 1698 930 1759 nullius
942 1707 1066 1774 peteres
1081 1714 1142 1761 ser

166 1784 287 1844 vandus
307 1783 411 1856 itaque
432 1779 486 1842 tibi
510 1781 540 1839 in
561 1780 619 1840 hac
641 1797 765 1856 quoque
786 1797 820 1841 re
840 1789 910 1842 tuus
930 1799 999 1844 mos
1014 1791 1081 1857 est,
1106 1797 1143 1842 ne

169 1867 243 1941 quid
258 1866 436 1938 committas,
453 1865 535 1938 quod
550 1864 649 1925 minus
665 1865 789 1925 aliterve
804 1866 915 1926 lactum
928 1867 1017 1926 velis.

140 1956 154 2007 1
229 1950 267 2007 V.
280 1949 397 2009 Deinde
409 1963 464 2008 oro
477 1954 569 2022 atque
581 1948 721 2022 obsecro,
733 1955 813 2007 nete
827 1948 982 2008 difficilem
995 1950 1104 2012 amicis
1116 1956 1144 2008 et

168 2030 387 2092 intractabilem
403 2037 552 2106 praestes.
575 2048 637 2092 non
652 2038 700 2092 est
710 2031 789 2091 enim
802 2031 885 2106 quod
896 2030 1022 2106 ignores
1035 2048 1142 2094 omnes

168 2117 226 2176 hos
240 2115 375 2187 nescire,
392 2115 649 2190 quemadmodum
662 2130 698 2175 se
711 2121 831 2188 gerant,
850 2116 1014 2191 loquantur
1028 2114 1143 2193 aliquid

169 2216 272 2260 coram
292 2207 322 2258 te
343 2199 382 2258 de
396 2200 495 2259 Druso
511 2215 549 2258 an
565 2199 653 2271 nibil,
673 2213 712 2256 ne
728 2206 780 2258 aut
794 2196 905 2259 oblivio
921 2199 1087 2260 clarissimi
1100 2200 1144 2260 iu·

140 2284 254 2344 evenis
270 2283 312 2342 illi
327 2282 417 2343 iaciat
430 2283 569 2344 iniuriam
584 2289 636 2342 aut
649 2283 761 2342 mentio
776 2280 838 2340 tibi.
868 2282 941 2342 Cum
954 2283 1142 2343 secessimus

169 2377 198 2428 et
212 2367 242 2426 in
254 2383 348 2428 unum
360 2366 567 2440 convenimus,
584 2367 665 2425 lacta
676 2365 742 2424 eius
754 2363 897 2439 dictuque
909 2372 1023 2440 quanto
1036 2365 1144 2435 meruit

169 2456 318 2525 suspectu
332 2451 530 2509 celebramus.
557 2464 661 2509 comm
675 2456 705 2507 te
719 2449 811 2508 altum
825 2448 915 2508 nobis
930 2448 969 2508 de
985 2449 1037 2509 illo
1052 2449 1142 2509 silen-

169 2534 242 2591 tium
257 2537 318 2591 est=
341 2547 428 2592 cares
443 2530 547 2605 itaque
561 2531 695 2591 maxima
716 2533 886 2606 voluptate,
909 2531 962 2591 lilii
983 2532 1026 2592 tui
1048 2531 1143 2592 laudi·

169 2616 237 2686 bus,
253 2631 331 2688 quas
346 2630 407 2673 non
422 2615 527 2674 dubito
543 2614 615 2689 quin
630 2615 678 2673 vel
694 2615 838 2688 inpendio
852 2615 947 2688 vitae,
963 2615 991 2674 si
1005 2621 1143 2690 potestas

140 2698 273 2771 edetur,
298 2697 328 2754 in
354 2713 462 2756 aevum
490 2712 578 2756 omne
599 2697 642 2756 sis
666 2706 874 2772 prorogatum.
907 2697 1008 2771 Quare
1028 2703 1143 2773 patere,

171 2780 262 2840 immo
278 2795 404 2840 accerse
420 2795 594 2851 sermones,
621 2782 732 2854 quibus
747 2781 797 2840 ille
816 2789 954 2841 narretur
973 2788 1004 2841 et
1019 2788 1143 2856 apertas

171 2880 261 2925 aures
276 2865 390 2940 praebe
410 2864 577 2924 adnomen
598 2865 834 2939 memoriamque
854 2864 906 2924 fibi
927 2865 980 2924 tui.
1011 2880 1070 2925 nec
1084 2862 1144 2924 hoc

170 2965 263 3022 grave
278 2948 404 3009 duxeris
419 2955 587 3009 ceterorum
603 2963 696 3020 more,
712 2948 764 3023 qui
779 2948 809 3007 in
824 2947 974 3008 eiusmodi
986 2963 1064 3008 casu
1075 2962 1145 3020 par·

142 3039 229 3096 ‹ttenr
250 3032 321 3090 mali
342 3038 448 3106 putant
466 3032 571 3091 audire
591 3032 707 3091 solatia.
739 3029 824 3090 Nunc
845 3028 1010 3091 incubuisti
1029 3037 1094 3091 tota
1114 3030 1145 3089 iu

171 3115 294 3173 alteram
317 3122 432 3187 partem
454 3122 484 3173 et
504 3114 597 3174 oblita
616 3113 774 3174 meliorum
799 3116 950 3175 loctunam
974 3121 1058 3174 tuam
1084 3130 1147 3188 qua

171 3197 304 3256 deterior
318 3203 365 3255 est
379 3197 523 3271 adspicis.
552 3212 614 3255 non
630 3198 804 3258 convertisti
818 3206 846 3258 te
861 3197 902 3255 ad
917 3197 1076 3258 convictus
1091 3196 1147 3256 filii

171 3281 214 3340 tui
235 3294 446 3353 occursusque
466 3279 632 3352 iucundos,
661 3296 722 3339 non
748 3281 787 3339 ad
815 3280 946 3355 pueriles
972 3280 1147 3355 dulcesque

171 3362 348 3434 blanditias,
370 3377 430 3421 non
446 3363 485 3421 ad
506 3361 690 3421 incrementa
704 3363 882 3423 studiorum.
908 3363 1042 3423 ultimam
1062 3362 1147 3423 illam

173 3445 279 3505 taciem
295 3460 394 3505 rerum
410 3445 534 3520 premis.
565 3449 596 3505 in
610 3449 706 3519 cltum,
730 3446 818 3520 quasi
832 3462 940 3520 parum
954 3447 1022 3520 ipsc
1036 3461 1096 3520 per
1111 3461 1147 3506 se
