2378 3856
167 214 231 278 210
372 214 405 273 t.
427 214 572 273 ANNAEI
595 214 771 274 SENECAE
785 214 891 275 piat.
905 214 943 274 X.

169 385 293 445 quoque
314 369 427 428 invasit
446 368 537 427 inane
557 368 692 428 studium
707 382 902 443 supervacua
917 367 1062 428 discendi
1103 368 1146 430 his

169 455 277 514 diebus
292 451 396 512 audivi
413 452 575 525 quemdam
590 453 780 524 referentem,
794 466 873 525 quae
885 450 1005 526 pumus
1019 450 1147 529 quisque

168 555 207 598 ex
222 537 370 598 Romanis
386 534 517 594 ducibus
532 536 671 595 fecisset:
687 536 803 610 primus
816 535 917 593 navali
934 535 1057 609 proelio
1069 536 1146 597 Duil·

168 623 227 680 lius
241 622 329 694 uicit,
352 618 469 695 primus
485 618 593 678 Curius
608 619 754 678 Dentatus
770 618 799 677 in
815 618 971 693 triumpho
987 619 1078 680 duxit
1091 622 1146 681 ele·

169 706 311 780 phantos.
334 703 515 763 Etiamnunc
529 702 602 775 ista,
618 703 675 761 etsi
690 702 729 762 ad
744 717 849 761 veram
864 702 996 776 gloriam
1011 720 1074 765 uon
1087 712 1145 764 ten-

169 790 260 861 dunt,
282 789 364 848 cirea
385 786 517 846 civilium
540 793 638 845 tamen
660 800 788 862 operum
811 788 956 861 exempla
976 794 1144 848 aversantur.

123 888 127 895 ·
170 890 232 933 non
255 878 303 933 est
325 871 483 945 profutura
504 870 572 930 talis
593 870 736 943 scientia,
761 876 941 943 esttamen,
969 886 1054 948 quae
1068 877 1144 945 [nos]

138 964 155 1015 t
171 955 316 1031 speciosa
329 968 430 1012 rerum
447 952 578 1011 vanitate
593 953 736 1013 detineat.
758 954 825 1014 Hoc
840 956 1142 1029 quoquequaerenti·

169 1040 228 1098 bus
243 1037 440 1107 remittamus,
457 1034 527 1110 quis
542 1036 691 1097 Romanis
704 1034 820 1111 pumirs
836 1037 1031 1111 persuaserit
1041 1054 1141 1099 navem

168 1120 400 1181 conscenderet
426 1119 569 1179 Claudius
591 1120 617 1179 is
641 1120 709 1192 fuit,
728 1120 887 1180 Caudex
908 1120 949 1181 ob
970 1121 1034 1183 hoc
1048 1122 1141 1197 ipsum

168 1204 356 1278 capellatus,
380 1205 452 1279 quia
473 1204 603 1278 plurium
622 1205 794 1265 tabularum
815 1198 981 1265 contextus
997 1207 1140 1269 caudex

168 1288 251 1362 apud
267 1288 411 1363 antiquos
428 1296 569 1362 vocatur,
592 1289 675 1348 unde
691 1288 833 1364 publicae
846 1288 970 1348 tabulae
986 1288 1139 1352 codices

168 1372 310 1432 dicuntur
324 1380 356 1431 et
370 1387 466 1430 navos
481 1388 563 1431 nunc
579 1387 713 1447 quoque,
728 1386 808 1447 quae
826 1386 865 1430 ex
879 1370 1009 1447 antiqua
1019 1389 1140 1435 consue

167 1456 273 1516 tudine
288 1465 477 1515 commeatus
491 1456 705 1529 [perTibcrim]
718 1455 902 1529 subvehunt,
918 1457 1140 1517 codicariae

139 1548 326 1604 avocantur.
361 1538 442 1597 Sanc
463 1545 493 1597 et
507 1539 566 1598 hoc
580 1540 620 1598 ad
635 1555 699 1598 rem
715 1538 881 1613 pertineat,
902 1541 990 1614 quod
1004 1539 1139 1601 Valerius

169 1624 319 1684 Corvinus
337 1620 452 1696 primus
468 1620 642 1682 Messanam
660 1623 729 1682 vicit
740 1630 770 1682 et
781 1623 896 1698 primus
908 1638 948 1682 cx
961 1624 1079 1685 familia
1086 1624 1138 1684 Va

169 1709 310 1767 lariorum
331 1705 415 1764 urbis
438 1711 546 1778 captae
568 1706 597 1763 in
614 1722 648 1766 se
664 1708 810 1767 translato
826 1704 950 1768 nomine
964 1708 1139 1769 Messana

169 1792 341 1867 adpellatus
353 1796 400 1847 est
412 1788 620 1863 paulatimque
633 1791 724 1863 volgo
736 1797 926 1866 permutante
938 1791 1046 1852 literas
1056 1792 1140 1851 Mes·

141 1876 269 1936 osolla
280 1875 389 1933 dictus.
404 1872 481 1930 Num
494 1879 524 1931 et
534 1873 593 1932 hoc
606 1874 749 1948 cuiquam
762 1888 870 1934 curare
882 1870 1051 1949 permittes,
1065 1874 1140 1951 quod

168 1957 284 2033 primus
300 1957 332 2014 L.
346 1953 431 2015 Sulla
446 1955 474 2014 in
491 1955 572 2014 circo
589 1957 695 2014 leones
712 1959 831 2017 solutos
844 1958 936 2032 dedit,
948 1973 1020 2018 cum
1033 1957 1140 2034 alioqui

169 2041 292 2114 adligati
307 2040 464 2112 darentur,
479 2038 519 2096 ad
535 2038 744 2100 conficiendos
763 2056 818 2101 eos
834 2040 938 2101 missis
953 2058 1061 2119 arege
1070 2044 1139 2105 Boc·
1179 2056 1181 2127 j

169 2125 227 2183 eho
243 2122 483 2182 iaculatoribus?
502 2130 532 2181 et
545 2123 605 2182 hoc
620 2139 696 2182 sane
710 2122 886 2185 remittatur.
919 2125 1000 2185 Num
1013 2133 1046 2187 et
1060 2127 1138 2189 Pom-

169 2208 270 2283 peium
280 2207 409 2282 primum
417 2207 446 2265 in
456 2207 537 2266 circo
550 2207 781 2282 elephantorum
792 2208 1005 2283 duodeviginti
1012 2226 1137 2286 pugnarn

169 2291 307 2351 edidisse
327 2291 501 2351 commissis
515 2306 601 2350 more
616 2292 723 2366 proelii
737 2292 838 2352 noxiis
854 2291 1033 2354 hominibus
1047 2296 1088 2355 ad
1099 2296 1136 2354 ul

167 2374 227 2432 lam
248 2391 310 2434 rem
327 2375 439 2436 bonam
453 2375 603 2451 pertinet?
626 2376 770 2451 princeps
786 2376 916 2437 civitatis
931 2382 963 2436 el
976 2376 1059 2438 inter
1072 2377 1136 2438 anti·

168 2474 247 2532 quos
265 2459 435 2534 principes,
457 2465 490 2518 ut
504 2460 584 2518 famo
598 2457 737 2532 tradidit,
752 2460 895 2520 bonitatis
914 2458 1066 2535 eximiae,
1082 2476 1135 2521 me-

167 2542 314 2602 morabile
330 2543 446 2618 putavit
460 2543 628 2617 spectaculi
643 2558 739 2618 genus
755 2559 837 2605 novo
848 2558 934 2603 more
945 2546 1080 2620 perdere
1090 2544 1135 2604 ho·

166 2625 274 2685 mines.
308 2628 506 2701 depugnante
519 2643 626 2701 pamm
641 2634 696 2686 est.
730 2626 944 2687 lancinanturf
959 2644 1069 2704 parurn
1083 2635 1134 2689 est:

139 2710 281 2783 fingenti
307 2712 388 2769 mole
410 2709 583 2769 animalium
604 2716 788 2774 exterantur.
823 2709 924 2771 Satius
948 2719 1015 2772 erat
1037 2714 1095 2773 isla
1111 2712 1135 2770 in
1174 2762 1178 2769 .

167 2791 353 2852 oblivionem
367 2794 426 2866 ire,
443 2794 566 2867 nequis
582 2800 692 2869 postea
707 2801 819 2868 potens
835 2794 970 2856 disceret
981 2796 1138 2869 invideret:
1174 2794 1178 2883 l

167 2890 228 2951 que
243 2876 288 2935 rei
302 2874 425 2935 minime
439 2876 600 2938 humanae.
635 2876 658 2937 0
676 2885 821 2954 quantum
837 2876 976 2953 ealigInis
991 2880 1134 2940 mentibus

162 2961 279 3039 nostris
302 2958 396 3018 obicit
410 2977 521 3035 magna
535 2962 678 3023 felicitas!
712 2963 766 3021 ille
781 2977 816 3023 se
831 2977 926 3037 supra
940 2979 1044 3025 rerum
1059 2970 1134 3025 natu-

167 3057 317 3103 ramesse
332 3049 404 3103 tunc
421 3046 564 3118 credidit,
581 3062 649 3106 curn
664 3053 708 3106 tot
722 3047 904 3106 miserorum
918 3046 1078 3109 hominum
1092 3060 1135 3106 ca·

167 3136 270 3188 tervas
292 3126 350 3186 sub
370 3126 429 3186 alio
455 3128 542 3188 coelo
564 3130 642 3188 natis
657 3130 756 3190 beluis
771 3129 919 3203 obiceret,
946 3147 1017 3191 cum
1032 3132 1136 3192 bellum

169 3211 247 3289 inter
258 3218 319 3270 tam
338 3210 474 3284 disparia
489 3212 629 3270 animalia
645 3215 858 3287 committeret,
882 3230 950 3273 curn
966 3215 997 3274 in
1013 3228 1137 3290 conspe
1175 3242 1178 3251 ·

173 3301 222 3355 ctu
244 3295 349 3370 populi
362 3292 492 3355 Romani
512 3297 637 3354 multum
659 3299 815 3372 sanguinis
830 3297 971 3357 funderet
986 3313 1061 3360 mox
1076 3299 1137 3373 plus

173 3378 275 3454 ipsum
298 3379 425 3440 fundere
450 3386 627 3438 coacturus:
654 3386 684 3437 at
708 3381 788 3439 idem
804 3388 920 3463 ,postea
934 3382 1138 3443 Alexandrina

173 3462 303 3537 pertidia
333 3463 478 3541 deceptus
508 3462 612 3524 ultimo
637 3463 790 3536 mancipio
817 3464 1084 3526 transfodiendum
1108 3478 1137 3523 so

955 3747 1163 3814 'kz
