2378 3856
227 194 329 254 lrlAL.
351 193 402 251 lv.
429 192 479 251 DE
502 192 571 251 lRA
590 191 663 251 ΜΒ.
686 191 722 249 11.
745 198 876 252 ro—ar.
997 189 1038 254 67

57 346 182 406 lubriter
196 344 319 418 institui,
336 343 459 413 difficile
473 350 573 402 autem
587 342 726 416 regimen>
738 350 794 415 est,
810 344 882 417 quia
896 345 970 403 dare
985 345 1037 404 de·

55 431 164 489 bernus
180 442 314 501 operam,
330 442 369 485 ne
383 433 435 486 aut
448 427 522 485 iram
537 424 567 484 in
582 425 641 485 illis
655 427 824 485 nuuiamus
840 433 891 486 aut
904 427 1038 488 indolem

54 511 262 573 retundamus.
295 509 436 584 Diligenti
457 509 672 569 observatione
692 525 743 568 res
764 509 889 582 indiget,
923 518 1066 577 utrum-n

57 612 117 670 que
132 594 212 654 enim
227 602 257 653 et
272 593 356 667 quod
371 592 578 652 extollendum
593 599 623 652 et
639 592 721 667 quod
733 592 965 665 deprimendum
978 601 1035 664 est,

54 676 206 739 similibus
221 676 318 736 alitur.
352 674 442 735 facile
456 683 557 735 autem
578 674 668 734 etiam
691 674 905 734 adtendentem
927 676 1037 735 similia

55 762 221 834 decipiunt.
255 759 371 818 Crescit
389 757 511 818 licentia
534 758 676 833 spirituS,
697 759 843 835 servitute
859 759 1065 828 comminui-3

54 854 112 904 tur.
144 841 294 917 adsurgit,
318 841 513 916 si‘laudalur,
529 849 560 902 et
574 843 603 900 in
618 858 705 915 spem
721 841 769 902 sui
784 842 895 901 bonam
910 843 1036 902 adduci·

54 934 118 1000 tur,
142 926 198 986 sed
218 926 326 1000 eadem
349 926 408 986 ista
422 925 613 985 insolentiam
628 931 658 985 et
671 925 858 984 iracundiam
873 933 1035 999 generante

55 1011 100 1070 sic
116 1010 218 1084 itaque
232 1010 310 1068 inter
330 1016 491 1083 utrumque
514 1008 668 1083 regendus
688 1016 757 1082 est,
775 1016 809 1069 ut
828 1010 920 1068 modo
941 1007 1036 1068 irenis

55 1100 190 1166 utamur,
209 1091 302 1152 modo
318 1092 458 1152 stimulis.
489 1091 568 1151 Nihil
582 1092 710 1165 humile,
725 1091 798 1151 nihil
814 1091 924 1152 servile
939 1092 1065 1166 patio-4

54 1184 113 1236 tur.
145 1191 308 1250 numquam
325 1175 367 1233 illi
379 1190 511 1234 necesse
525 1173 565 1234 sil
577 1190 688 1248 rogare
702 1175 880 1248 suppliciter
894 1190 950 1233 nee
965 1191 1036 1248 pro·

56 1259 95 1319 sit
109 1273 247 1332 rogasse,
263 1258 365 1332 potius
381 1273 494 1316 causae
509 1272 584 1316 suae
596 1264 626 1316 et
635 1256 786 1331 prioribus
800 1259 886 1317 lactis
903 1257 1036 1318 ethonis

54 1344 85 1400 in
112 1343 244 1402 loturum
266 1340 426 1414 promissis
448 1340 586 1399 donetur.
617 1341 651 1398 ln
680 1338 896 1401 certaminibus
921 1356 1063 1415 aequa-5

56 1426 128 1484 lium
143 1441 200 1484 nee
214 1424 294 1483 vinci
310 1425 393 1482 illum
408 1423 557 1497 patiamur
572 1438 628 1481 nee
642 1420 743 1481 irasci.
776 1423 884 1483 demus
900 1440 1035 1499 operam,

56 1516 89 1569 ut
102 1506 260 1567 familiaris
276 1505 316 1566 sit
330 1507 382 1578 iis,
409 1521 479 1566 cum
500 1504 611 1580 quibus
629 1505 813 1565 contendere
836 1509 929 1581 solet,
955 1508 1036 1567 utin

57 1590 222 1650 certamine
239 1589 403 1649 adsuescat
421 1603 482 1652 noa
499 1604 611 1649 nocere
625 1590 712 1662 velle,
728 1589 785 1648 sed
799 1588 932 1650 vincere.
960 1607 1034 1664 quo·

55 1675 135 1733 tiens
153 1673 344 1747 superaverit
358 1680 388 1730 et
402 1672 526 1746 digmm
541 1671 657 1747 aliquid
672 1673 762 1732 laude
778 1673 898 1746 lecerit,
921 1674 1035 1744 adtolli,

56 1774 119 1818 non
134 1757 246 1830 gestire
261 1757 420 1831 patiamur.
452 1756 595 1829 gaudium
610 1755 690 1815 enim
706 1757 884 1831 exsultatio,
903 1757 1035 1815 exsulta-

57 1839 169 1899 tionem
182 1847 280 1899 tumor
294 1846 325 1898 et
338 1839 429 1898 nimia
447 1839 617 1903 aestimatio
634 1838 683 1900 sui
704 1840 849 1914 sequitur.
890 1839 1035 1899 Dabimus
1048 1849 1064 1904 6

56 1923 182 1997 aliquod
196 1924 414 1994 laxamentum,
435 1923 465 1981 in
488 1922 637 1983 desidiam
652 1938 726 1982 vero
743 1924 897 1997 otiumque
912 1939 972 1981 non
988 1937 1035 1980 re—

57 2006 214 2065 solvemus
241 2012 270 2063 et
294 2005 440 2078 procula
462 2012 602 2066 contactu
627 2005 807 2065 deliciarum
828 2007 1035 2065 retinebimus.

56 2088 130 2147 nihil
146 2087 225 2146 enim
239 2089 337 2161 magis
353 2088 424 2147 lacit
437 2088 601 2149 iracundos
618 2105 710 2164 quam
725 2089 864 2149 educatio
886 2089 986 2148 mollis
1007 2094 1037 2146 et

55 2170 184 2231 blanda:
205 2169 275 2229 ideo
290 2169 388 2229 unicis
405 2187 465 2244 quo
481 2173 550 2245 plus
570 2173 757 2244 indulgetur,
772 2171 958 2245 pupillisque
974 2185 1035 2244 quo

56 2254 128 2329 plus
148 2252 232 2325 licet,
255 2254 425 2326 corruptior
444 2254 561 2314 animus
582 2262 639 2313 est.
675 2254 740 2312 Non
765 2254 888 2313 resistet
908 2251 1035 2312 offensis

57 2337 106 2397 cui
125 2334 199 2396 nihil
221 2351 364 2410 umquam
385 2342 528 2409 negatum
548 2342 609 2408 est,
638 2334 725 2395 cuius
746 2336 885 2395 lacrimas
907 2335 1037 2397 sollicita

58 2435 181 2494 semper
196 2428 292 2480 mater
306 2419 456 2490 abstersit,
474 2419 523 2478 eui
534 2419 573 2478 de
585 2419 766 2493 paedagogo
779 2419 965 2478 satisfactum
978 2425 1034 2478 est.

56 2503 123 2562 Non
137 2502 241 2574 videS,
257 2509 289 2562 ut
303 2500 449 2562 maiorem
466 2517 619 2577 quamque
640 2503 789 2562 fortunam
810 2503 905 2563 maior
925 2502 970 2560 ira
986 2511 1063 2568 col

56 2588 197 2647 mitetur?
228 2588 257 2645 in
275 2584 418 2645 divitibus
435 2593 464 2645 et
484 2584 681 2646 nobilibus'et
703 2584 928 2660 magistratibus
946 2601 1034 2661 prae-

58 2670 148 2743 cipue
163 2668 298 2743 adparet,
315 2685 383 2728 cum
400 2669 546 2744 quicquid
561 2670 629 2728 leve
644 2676 675 2729 et
693 2671 783 2729 inane
798 2669 944 2730 inanimo
961 2676 1034 2740 erat,

58 2753 195 2813 secunda
210 2769 245 2813 se
259 2769 334 2812 aura
348 2753 478 2812 sustulit.
511 2751 651 2812 Felicitas
665 2752 853 2813 iracundiam
868 2753 966 2823 nutrit,
982 2751 1035 2811 ubi

57 2852 147 2895 aures
168 2836 319 2910 superbas
337 2837 564 2896 adsentatorum
585 2836 672 2895 turba
687 2836 922 2908 circumstrepit.-
949 2833 1035 2905 „Tibi

56 2920 137 2979 enim
158 2918 208 2978 ille
228 2919 436 2994 respondeam
468 2935 529 2977 non
557 2934 611 2990 pro
638 2917 759 2991 fastigio
784 2923 814 2975 te
833 2924 884 2977 tuo
905 2914 1034 2975 metiris:

55 3001 125 3076 ipse
142 3010 172 3062 te
194 3001 340 3077 proicis.“
378 3008 407 3060 et
428 3002 486 3059 alia
506 3000 616 3075 quibus
637 2998 690 3058 vix
714 3015 808 3058 sanae
833 3005 864 3058 et
887 2998 924 3058 ab
951 2998 1034 3057 initio

55 3087 137 3145 bene
153 3086 297 3145 fundatae
317 3092 433 3144 mentes
455 3084 636 3144 restiterunt.
672 3084 777 3156 Longe
798 3082 900 3156 itaque
921 3081 959 3142 ab
981 3083 1063 3150 ada

56 3168 229 3228 sentatione
249 3167 379 3243 pueritia
398 3167 585 3226 removenda
606 3172 662 3226 est.
703 3166 804 3226 audiat
825 3182 929 3226 verum
949 3173 980 3227 el
998 3165 1033 3227 ti-

55 3259 138 3311 meat
151 3253 279 3325 interim,
295 3258 436 3310 vereatur
454 3265 583 3325 semper.
616 3251 781 3309 maioribus
803 3249 955 3324 adsurgat.
989 3248 1032 3307 ni-

55 3335 99 3393 hil
126 3351 181 3409 per
202 3335 389 3396 iracundiam
409 3341 526 3395 exoret.
566 3333 649 3408 quod
669 3332 753 3392 ilenti
779 3340 921 3407 negatum
947 3330 1035 3390 tuerit

58 3421 162 3493 quieto
185 3419 338 3480 offeratur.
378 3425 407 3477 et
427 3417 547 3478 divitias
567 3424 724 3491 parentum
742 3415 771 3474 in
786 3421 961 3557 gssnspecm
981 3413 1033 3471 ha-
