2378 3856
162 198 224 262 174
348 201 381 260 L.
404 201 551 261 anunm
570 200 745 262 SENECAE
766 200 867 262 DlAL.
889 200 940 261 lx.

163 353 202 415 de
224 370 287 430 quc
310 368 432 429 queror,
458 352 635 429 exprimam,
657 368 720 413 nou
740 360 921 428 tempestate
942 366 1058 427 vexor,
1087 353 1142 415 secl

163 438 289 499 unusiac
311 437 438 498 detrahe
452 452 535 513 ergo,
551 435 699 512 quicquid
713 435 773 497 hoc
789 444 838 497 est
851 436 932 511 muli,
947 442 982 496 et
994 450 1143 499 succurre

162 523 192 581 in
208 527 378 596 conspectu
392 528 539 581 terrarum
554 519 712 582 laboranti.

135 619 147 668 l
223 605 260 664 ll.
284 610 431 678 [samem]
464 604 584 680 Quaero
604 604 797 664 mehercules
815 601 875 663 lam
896 602 1029 676 dadum,
1053 601 1141 665 Sere·

161 705 209 763 nc,
227 688 296 764 ipse
310 689 431 762 tacitus,
445 689 495 750 cui
508 690 599 749 talem
613 688 765 748 adlectum
775 684 867 747 auirni
881 684 1012 747 similem
1026 694 1140 763 putem,

160 787 218 832 nec
232 773 285 833 ulli
308 774 437 849 propius
459 771 646 834 admoverim
666 771 809 846 munplo
830 782 923 844 quem
942 784 1068 845 eorum,
1089 770 1141 847 qui

100 912 118 941 ·,
160 871 200 915 ex
214 858 309 932 longa
322 864 354 917 ct
366 856 451 932 pravi
465 855 632 915 valitudine
645 854 780 929 expliciti
794 852 992 915 motiunculis
1005 853 1141 917 uuluae

106 944 110 951 '
161 956 222 1014 quc
235 940 354 1000 interim
369 938 498 1000 offensis
513 937 757 1014 perstringuntur
773 945 805 999 et
818 951 888 998 cum
900 936 1051 1013 reliquias
1065 936 1141 999 oilla·

161 1030 278 1097 gerunt.
300 1021 528 1098 suspicionibus
541 1028 642 1082 umen
657 1021 861 1097 loquelarum
873 1019 1069 1097 medicisque
1082 1022 1141 1082 ism

162 1106 229 1165 suni
249 1120 372 1167 manum
393 1106 552 1182 porrigunt
578 1112 608 1166 et
626 1118 749 1165 omnem
768 1105 901 1165 moram
923 1103 1068 1181 corporis
1095 1105 1142 1165 sui

162 1190 390 1252 calumniantur.
418 1188 537 1264 horum,
552 1189 677 1263 serem
690 1203 753 1251 uon
768 1202 877 1264 parum
888 1200 997 1249 nanu
1009 1195 1062 1251 cst
1074 1200 1140 1249 cor

161 1288 231 1348 pus,
246 1273 304 1334 sed
316 1272 438 1336 sanitati
450 1288 557 1349 parum
571 1273 729 1334 adsuerlt=
744 1273 824 1334 aloru
833 1278 883 1332 ost
892 1270 1018 1347 quidem
1028 1280 1142 1333 tremor

161 1355 251 1418 otiam
266 1357 419 1434 tranquilli
433 1357 535 1430 muris,
555 1361 661 1431 utique
679 1357 799 1430 [hamc]
816 1368 884 1416 oum
898 1370 937 1416 ex
957 1362 1143 1433 tempestate

130 1442 319 1516 erepuerit
337 1440 424 1517 Opus
436 1447 484 1501 est
496 1442 600 1516 itaque
611 1456 672 1503 non
688 1441 748 1501 illis
757 1438 943 1512 durioribus,
958 1454 1042 1515 quse
1051 1439 1141 1501 etium

161 1525 446 1598 transcucurrimus,
468 1533 501 1585 ut
514 1526 624 1585 alicubi
642 1525 750 1586 obstes
770 1524 832 1593 ilbi,
853 1520 965 1583 alicubi
985 1523 1141 1597 uascuis,

162 1607 273 1667 alicubi
293 1607 390 1667 instes
410 1608 528 1683 gravis:
550 1609 607 1668 sed
627 1608 710 1680 illud,
731 1608 814 1682 quod
834 1605 972 1668 ultimum
990 1607 1087 1677 uouit,
1110 1613 1144 1667 ut

162 1690 255 1750 iidem
269 1690 323 1750 tibi
338 1691 454 1752 habeas
468 1699 498 1751 et
514 1698 598 1752 recte
612 1693 657 1751 irc
669 1690 892 1764 malcoredus,
907 1688 981 1751 uilril
992 1696 1142 1753 avocatus

162 1775 347 1834 transversis
357 1775 518 1835 multomm
532 1775 667 1849 vestigiis
679 1774 795 1850 passim
806 1773 1052 1848 disommnuum,
1067 1790 1143 1851 qun·

130 1866 147 1920 3
163 1857 302 1916 rumdam
313 1858 395 1919 circu
408 1859 508 1932 ipsam
522 1857 684 1919 errantium
695 1857 790 1918 sium.
809 1857 898 1932 Quod
912 1857 1078 1919 desideres
1088 1872 1143 1919 nu-

163 1947 233 2012 tem,
244 1955 386 2015 magnum
400 1948 432 2001 ct
449 1956 600 2001 summum
613 1948 663 2001 est
681 1942 803 2016 deoque
821 1941 964 2015 vicinum,
985 1955 1051 2001 nou
1070 1956 1142 2002 ccu-

164 2023 234 2083 cuti.
250 2022 330 2084 itanc
344 2023 483 2085 stabilem
494 2024 585 2084 animi
601 2025 707 2085 sedem
714 2024 822 2084 &aeci
838 2014 1007 2103 εὐθυμίαν
1020 2030 1142 2097 vacuat,

164 2107 203 2167 de
221 2123 283 2182 qua
295 2106 460 2170 Democriti
473 2109 615 2169 volumen
628 2108 784 2183 egregium
799 2115 856 2168 est
871 2122 931 2182 cro
945 2108 1143 2185 tranquil·

164 2192 313 2252 litatem
326 2208 416 2253 voco.
445 2208 502 2253 neo
524 2192 603 2252 enim
623 2191 731 2252 imitari
749 2198 783 2251 et
799 2192 965 2253 unnslcrre
986 2192 1082 2253 uerba
1103 2192 1142 2251 al

163 2275 282 2337 illorum
297 2277 426 2337 formam
439 2290 571 2338 necesse
584 2281 644 2335 est:
665 2290 717 2335 res
732 2273 811 2349 ipsu,
825 2274 866 2335 de
883 2290 946 2350 qua
958 2276 1069 2351 agitur,
1090 2274 1142 2335 ali·

165 2374 226 2434 quo
240 2360 392 2434 signanda
402 2360 526 2422 nomine
540 2367 595 2433 est,
612 2358 695 2435 quod
706 2358 921 2432 adpelleticnis
931 2358 1073 2421 Graecae
1082 2356 1143 2419 vitu

133 2441 256 2503 ldebet
275 2444 402 2517 habere,
430 2460 492 2505 noa
512 2441 631 2502 taciem.
663 2441 745 2517 largo
766 2440 958 2516 ammianus,
982 2442 1142 2519 quomodo

164 2525 282 2586 animus
297 2539 421 2601 semper
436 2526 575 2601 aequalis
590 2525 790 2600 secundoque
800 2539 893 2585 cursu
907 2534 959 2586 cat
977 2526 1141 2603 propitius·

165 2607 300 2683 quesibi
322 2609 362 2668 eit
381 2616 412 2669 et
428 2624 485 2669 sus
498 2611 595 2668 laetus
615 2608 769 2684 adspiciat
788 2616 819 2668 et
837 2608 897 2670 hcc
913 2608 1061 2685 grumum
1081 2626 1145 2679 non

164 2690 369 2766 interrumpat,
391 2693 448 2752 sed
469 2692 591 2767 placido
611 2698 692 2752 statu
710 2698 832 2752 maneat
856 2692 1089 2755 accedentum
1108 2706 1143 2754 se

164 2788 308 2850 umquem
329 2790 386 2835 nec
400 2775 592 2851 deprimens:
615 2775 931 2851 idtrauquillitcs
951 2776 1019 2841 criu
1048 2793 1142 2853 que·

164 2858 277 2921 modo
294 2859 339 2919 ad
356 2858 680 2935 hancperveniri
698 2858 835 2934 possit,
856 2858 893 2919 in
914 2858 1143 2922 uuiversum

165 2959 409 3017 quaeramus:
439 2960 543 3005 sumes
570 2951 603 3004 tu
626 2959 668 3003 ex
688 2943 813 3018 publico
831 2942 969 3004 remedio
995 2952 1143 3019 quantum

131 3029 260 3091 evoles.
289 3029 422 3088 Tutum
437 3027 592 3088 luterim
608 3026 742 3087 vitium
759 3027 795 3085 in
810 3025 972 3087 medium
989 3036 1143 3102 protra-

163 3109 329 3170 hendum
345 3119 423 3184 est,
449 3127 489 3171 ex
510 3126 571 3186 quo
592 3117 741 3185 agnoscet
757 3110 889 3185 quisquc
911 3118 1030 3185 partem
1044 3126 1142 3173 suam

164 3189 254 3251 simul
270 3200 303 3252 tu
318 3193 487 3268 intelleges,
508 3201 621 3268 quanto
636 3194 737 3253 miuus
754 3194 866 3268 negotii
880 3191 999 3254 habeas
1013 3210 1085 3255 cum
1099 3195 1142 3255 tn·

165 3275 255 3335 stidio
270 3275 312 3337 tui
327 3292 419 3351 quem
432 3277 473 3347 hi,
489 3293 568 3352 quos
583 3277 622 3336 ad
637 3277 862 3352 professionem
875 3276 1055 3351 speciosam
1067 3276 1142 3339 auu·

165 3368 254 3433 gatos
269 3367 298 3420 et
313 3361 370 3421 sub
392 3359 507 3435 ingenti
527 3360 613 3422 titulo
636 3360 802 3421 laborantis
820 3361 850 3419 ia
873 3376 931 3421 suu
948 3360 1144 3425 simulatione

133 3450 150 3504 6
165 3443 264 3517 pudor
276 3443 374 3521 magis
394 3459 485 3520 quam
504 3445 644 3505 voluntas
659 3453 750 3506 tenet.
773 3443 885 3505 Omnes
898 3444 932 3505 iu·
945 3442 1141 3545 eudemum
