2378 3856
121 174 164 242 72
412 179 445 239 L.
466 178 613 240 nannet
635 178 810 239 SENECAE

121 331 308 404 doloresque
324 330 494 390 incurrunt:
512 328 616 401 utique
633 325 735 402 aliqua
751 328 926 403 fugiendum
940 339 993 392 est
1006 331 1102 396 domi

121 415 221 475 cilium
243 420 333 489 putre
350 410 475 473 sortitis.
499 411 622 472 Dicetur
638 411 748 486 aliquis
766 411 845 471 male
862 411 901 471 de
920 419 949 473 te
968 416 1104 478 locutura

120 498 221 572 cogita
236 512 276 556 an
294 496 379 571 prior
396 495 522 568 feceris,
545 495 646 568 cogita
664 494 703 554 dc
725 510 818 568 quarn
835 495 937 556 multis
954 498 1103 575 loquaris

91 580 309 655 tcogitemus,
331 579 468 655 inquam,
491 578 568 638 aiios
591 593 652 638 non
675 579 776 637 iacere
798 577 953 652 iniuriam,
976 583 1036 642 sed
1058 599 1102 643 te

119 679 245 739 ponere.
267 664 345 724 atios
358 679 414 739 pro
427 660 516 722 nobis
529 663 640 732 iacere,
658 661 735 721 alios
752 669 877 722 coactos
892 663 1007 738 iacere,
1026 667 1102 728 aiios

119 748 304 823 ignorantis,
325 747 414 807 etiarn
438 761 495 806 eos
519 746 571 820 qui
596 746 735 805 volentes
757 746 955 821 scientesque
977 747 1101 821 iaciunt,

120 847 159 890 ex
170 831 280 891 iniuria
292 837 398 891 nostra
409 846 470 890 non
486 829 584 903 ipsam
597 829 735 888 iniuriam
743 835 863 903 peteret
878 830 1102 893 autdutcedinc

24 965 34 977 Ι
119 915 297 975 urbanitatis
318 915 485 988 prolapsus
507 919 555 972 est
572 920 624 972 aut
640 909 711 971 iecit
727 912 857 986 aliquid,
879 928 940 972 oon
962 921 997 974 ut
1013 917 1102 978 nobis

119 998 258 1070 obesset,
274 998 331 1056 sed
346 997 418 1071 quia
433 995 582 1070 consequi
598 997 666 1069 ipse
681 1010 741 1054 non
759 1003 886 1070 poterat,
902 997 961 1057 nisi
978 1014 1040 1060 nos
1057 1017 1100 1060 re-

91 1081 259 1155 sputtsset.
287 1095 382 1155 saepe
396 1079 545 1152 adulatio,
565 1082 638 1139 dum
652 1078 818 1151 blanditur,
840 1079 979 1141 offendit.
1013 1082 1099 1157 Quis·

119 1164 188 1238 quis
203 1165 242 1223 ad
259 1178 293 1224 se
308 1164 462 1237 retulerit,
479 1164 620 1237 quotiens
634 1163 702 1236 ipse
719 1161 748 1221 in
766 1163 976 1237 suspicionem
992 1165 1100 1226 iaisam

117 1247 269 1318 inciderit,
294 1264 387 1322 quarn
402 1246 503 1307 multis
521 1245 631 1308 officiis
651 1247 716 1305 suis
734 1247 856 1307 fortuna
869 1249 1007 1322 speciem
1023 1249 1098 1311 iniu-

117 1333 182 1391 riae
201 1331 346 1405 induerit,
369 1348 459 1407 quarn
478 1334 590 1391 multos
610 1337 683 1404 post
704 1329 807 1389 odium
827 1346 929 1390 amare
952 1335 1099 1408 coeperit

119 1416 230 1490 poterit
245 1431 306 1475 non
324 1416 423 1476 statim
436 1413 543 1487 irasci,
564 1415 669 1489 utique
684 1413 710 1472 si
728 1413 786 1474 sibi
799 1413 908 1474 tacitus
924 1416 965 1474 ad
980 1415 1099 1492 singula

91 1499 230 1572 rquibus
247 1496 411 1557 offenditur
424 1498 547 1558 dixerit=
564 1498 641 1557 haec
656 1503 685 1556 et
700 1496 769 1572 ipse
786 1499 934 1557 commisi.
967 1498 1034 1560 Sed
1049 1499 1097 1560 ubi

119 1589 179 1640 tam
192 1596 324 1654 acquum
336 1579 468 1641 iudicem
482 1582 640 1640 invenies?
660 1580 690 1640 ls
707 1581 759 1655 qui
770 1580 882 1642 nuliius
897 1597 958 1642 non
971 1598 1098 1645 uxorem

118 1663 309 1737 concupiscit
335 1671 366 1723 et
391 1663 466 1724 satis
493 1665 589 1724 iustas
612 1680 723 1725 causas
744 1671 830 1739 putnt
849 1666 988 1741 amandi,
1015 1668 1097 1742 quod

118 1749 216 1807 atiena
230 1755 293 1820 est,
313 1747 394 1809 idem
415 1762 541 1807 uxorem
563 1763 649 1806 suam
665 1748 784 1824 adspici
798 1763 859 1807 non
875 1749 948 1810 vuit.
982 1757 1013 1812 ct
1027 1751 1097 1812 fidei

117 1832 282 1889 acerrimus
298 1838 423 1891 exactor
438 1839 486 1891 est
499 1830 647 1905 perfidus.
680 1839 711 1891 et
725 1831 885 1892 mendacia
901 1836 1098 1910 persequitur

117 1915 184 1987 ipse
198 1914 348 1986 periurus.
376 1922 405 1974 et
425 1915 505 1974 litem
520 1913 579 1973 sibi
594 1915 696 1974 inferri
714 1916 882 1989 aegerrime
898 1916 1098 1979 calumniator

117 1996 237 2071 patitur.
259 1996 435 2072 pudicitiam
448 1997 638 2058 servulorum
652 2014 778 2058 suorum
793 1999 940 2058 adtentari
957 2016 1021 2061 non
1037 2004 1098 2061 vuit

87 2080 169 2155 equi
186 2096 245 2140 non
262 2082 400 2155 pepercit
413 2096 498 2141 suae.
526 2082 635 2141 Aliena
649 2082 721 2141 vitia
735 2082 764 2140 in
782 2081 880 2142 ocutis
892 2081 1060 2159 habemus,
1081 2101 1099 2144 a

116 2173 200 2237 teng-n
223 2171 328 2225 nostra
348 2172 433 2226 sunt:
458 2164 529 2224 inde
548 2171 608 2237 est,
631 2165 715 2241 quod
730 2164 912 2239 tempestiva
924 2165 979 2225 iiiii
993 2169 1097 2239 conui-

114 2247 165 2307 via
185 2257 271 2322 pater
291 2248 423 2309 deterior
445 2249 508 2309 titio
532 2250 659 2324 castigat
680 2256 710 2308 et
730 2246 803 2308 nibil
822 2248 941 2309 atienae
956 2250 1098 2313 luxuriae

114 2333 246 2406 ignoscit
266 2333 317 2407 qui
339 2333 412 2392 nihii
433 2347 509 2393 suae
530 2332 659 2407 negavit.
698 2340 728 2391 et
746 2330 918 2392 homicidae
945 2339 1097 2409 tyrannus

115 2416 255 2476 irascitur
269 2422 299 2475 et
319 2417 405 2491 punit
418 2418 499 2476 iurta
511 2415 689 2491 sacrilegus.
723 2414 833 2488 Magna
848 2430 922 2490 pars
939 2415 1099 2479 bominum

114 2504 163 2557 est
179 2514 258 2572 quaa
273 2515 333 2557 non
351 2499 487 2573 peccatis
501 2499 655 2571 irascitur,
678 2499 735 2559 sed
756 2499 964 2573 peccantibus.
993 2500 1100 2562 Faciet

115 2594 173 2638 nos
188 2580 408 2640 moderatiores
423 2587 584 2654 respectus
599 2583 705 2654 nostri,
723 2582 749 2640 si
764 2583 1010 2661 consuluerimus
1023 2601 1099 2645 nasa

114 2661 263 2736 numquid
281 2670 311 2721 et
334 2663 393 2736 ipsi
416 2662 530 2736 aiiquid
551 2665 610 2722 tate
630 2664 860 2725 commisimus?
879 2667 1032 2742 numquid
1054 2668 1100 2728 sic

114 2745 303 2806 erravimust
322 2747 486 2821 expeditne
502 2745 592 2805 nobis
609 2746 666 2806 ista
682 2747 848 2808 damnaret

174 2829 278 2889 XXIX.
299 2829 464 2890 Maximum
479 2829 645 2889 remedium
659 2829 722 2890 irae
736 2847 821 2891 mora
835 2840 891 2892 est.
911 2831 979 2892 Hoc
993 2833 1033 2893 ab
1049 2835 1101 2895 itia

113 2919 184 2988 pete
204 2913 304 2986 initio,
326 2930 385 2974 non
408 2921 441 2974 ut
460 2914 613 2987 ignoscat,
634 2914 692 2972 sed
712 2922 744 2973 ut
764 2914 889 2974 iudicet·
909 2915 1048 2992 desinet,
1073 2919 1100 2978 si

113 3004 280 3072 exspectat.
309 3013 366 3057 nec
386 2998 561 3057 universam
575 2996 656 3055 iilam
670 2998 866 3073 temptaveris
880 2999 998 3058 toliere.
1029 3015 1096 3076 gra·

85 3093 169 3138 ves
190 3077 308 3138 habc't
300 3088 423 3154 inpetus
444 3079 575 3155 primos:
604 3086 667 3140 tota
686 3081 839 3155 vincetur,
862 3081 935 3141 dum
956 3084 1098 3157 partibus

84 3161 336 3237 temptarer
358 3161 407 3222 his
429 3175 509 3236 quae
529 3177 586 3221 nos
609 3162 782 3237 offendunt,
804 3126 865 3223 at’ia
884 3166 1098 3228 renuntiantur

112 3243 211 3316 nobis,
226 3243 308 3302 alia
300 3245 360 3318 ιρεί
374 3244 515 3304 audimus
531 3252 582 3304 aut
597 3245 745 3306 videmus.
767 3210 845 3308 fie”
825 3263 863 3308 ns
880 3263 960 3323 quae
975 3257 1098 3312 narratu

112 3334 197 3401 sunt,
218 3341 280 3386 uon
296 3322 443 3388 debemus
458 3329 517 3388 cito
534 3328 675 3388 credere.
697 3332 780 3392 multi
795 3333 980 3392 mentiuntur
994 3340 1030 3393 ut
1043 3335 1085 3394 de

112 3410 239 3487 cipiant,
260 3409 358 3482 multi,
382 3409 453 3484 quia
467 3411 587 3486 decepti
603 3421 682 3473 sunt
711 3415 789 3474 alius
802 3413 1012 3476 criminatione
1026 3431 1084 3491 gre
