2378 3856
171 204 233 270 150
346 204 381 266 1..
404 204 551 265 eddam
572 203 748 265 SENECAE
768 204 872 264 alna.
889 202 957 263 vll.

169 361 232 436 ptio
247 360 317 436 ipsa
335 355 473 419 excitans
487 355 630 429 animum,
652 370 731 430 quae
753 354 852 417 statim
867 356 1151 432 porcosomut

134 451 154 504 l
169 445 213 507 cd
224 443 381 505 aiioende
392 457 460 502 emt
474 442 590 516 quidus]
604 446 756 501 venerunt
769 437 848 499 vitia
870 438 1022 513 Quisquis
1037 438 1148 501 eduin

169 534 264 589 tutam
284 526 430 599 accessit,
456 522 542 586 dedit
559 538 730 599 geumome
755 522 867 584 indolis
893 520 1063 599 speciales.
1098 524 1148 599 qai

168 612 355 687 voluptatem
370 607 519 685 sequitur,
531 608 654 669 videtur
663 607 795 678 enervis,
810 606 935 679 murs,
949 604 1147 682 degenerans

168 695 250 768 [virt
264 699 468 769 perventurus
482 692 515 752 in
528 690 639 767 turpia,
653 689 713 751 nisi
726 688 839 765 aliquis
847 688 1026 753 d'etinxerit
1037 690 1084 753 illi
1096 707 1146 753 vo·

168 778 312 853 luptates,
327 782 360 837 ut
373 777 461 848 sciat,
480 790 561 850 quae
575 790 614 835 ex
634 774 681 835 eis
701 774 781 834 intra
799 774 938 837 natarale
957 772 1146 839 dosideum

169 860 327 931 desistant,
343 874 424 934 quae
432 873 584 934 praeceps
595 859 731 919 ieranurr
744 856 942 933 infinitaeque
953 858 1018 919 siat
1030 866 1073 935 el,
1087 876 1145 937 qno

136 945 267 1018 amasis
284 944 445 1017 inplentur,
466 956 506 1001 ao
521 941 620 1016 magis
635 939 846 1017 inexplebiles.
872 940 1030 1017 agedum,
1052 941 1145 1005 virtus

167 1025 346 1087 antecedat:
362 1031 459 1087 tutum
472 1024 530 1085 erit
543 1039 633 1085 omne
650 1025 822 1099 voetigium
844 1024 884 1086 Et
896 1026 1046 1102 voluptas
1058 1034 1146 1090 noce

167 1109 274 1171 nimia:
296 1110 326 1169 in
342 1107 453 1171 virtute
466 1125 529 1169 non
548 1114 597 1169 est
610 1108 789 1183 verendam,
808 1123 849 1170 ae
863 1108 940 1185 quid
953 1108 1086 1173 nimium
1100 1110 1144 1187 sit,

169 1193 281 1270 quiain
293 1193 550 1269 ipsaestmodus.
570 1192 825 1267 nonestboaum,
842 1192 1145 1270 quodmapnltndino

167 1276 287 1338 laborat
305 1294 370 1337 sua.
405 1275 628 1339 &dormitam
649 1292 741 1351 porro
763 1276 878 1338 sortitis
901 1282 1046 1341 naturam
1069 1294 1145 1355 qnae

167 1360 277 1421 meiius
291 1376 447 1436 resonam
459 1359 537 1421 ratio
552 1359 754 1436 proposituri
781 1367 814 1422 et
825 1359 865 1439 [si
878 1360 982 1437 placet
1000 1360 1064 1423 ista
1083 1363 1144 1425 iun

169 1450 276 1515 ctura]
292 1442 320 1503 si
334 1444 394 1505 hoe
409 1443 511 1518 piacet
524 1443 565 1503 ad
578 1445 699 1506 beatam
714 1445 805 1505 vitam
819 1444 864 1505 ire
877 1444 1034 1521 cominus,
1049 1446 1144 1509 vaus

169 1526 338 1596 antecedat,
359 1526 519 1588 comitetur
538 1528 681 1603 voluptas
700 1533 732 1588 et
747 1527 829 1588 circa
849 1543 964 1604 corpus
985 1536 1021 1590 ut
1038 1530 1144 1593 umbra

168 1617 322 1669 veraclum
343 1609 485 1671 virmtem
507 1610 640 1685 quidem,
663 1611 905 1673 excelsissimam
926 1614 1076 1689 omnium,
1094 1631 1143 1676 vo·

167 1692 274 1768 luptati
288 1693 409 1753 tradere
421 1692 563 1755 ancillam
573 1694 645 1754 nihil
656 1711 798 1769 magnum
809 1696 910 1756 animo
922 1696 1077 1772 sapientiis
1092 1707 1143 1761 est

136 1775 153 1827 1
219 1776 298 1837 xlv.
319 1776 420 1837 Prima
430 1778 526 1839 virtuts
537 1780 583 1853 sit,
596 1780 674 1839 haec
688 1780 766 1839 ierat
779 1779 881 1855 sigua:
904 1779 1093 1845 babebimus
1104 1784 1143 1843 ni·

167 1858 330 1920 hilominus
353 1862 549 1936 voluptatem,
570 1863 629 1923 sed
647 1862 764 1923 domini
783 1862 851 1925 eius
871 1872 903 1925 et
921 1871 1143 1941 temperatores

167 1940 291 2004 erimus.
303 1943 420 2019 aliqrdd
426 1960 485 2007 nos
491 1945 639 2017 exorabit,
654 1945 834 2021 nihilcoget
851 1945 1143 2027 otei,qnivoluptati

166 2026 320 2088 tradidere
334 2026 492 2104 principia,
507 2036 637 2104 utroque
648 2045 788 2090 caruere:
812 2030 952 2093 virtutem
967 2032 1054 2095 caim
1063 2034 1143 2097 anit-

165 2116 241 2171 tunt.
262 2118 395 2173 ceterum
406 2129 467 2174 non
483 2113 543 2189 ipsi
556 2114 749 2188 voluptatem,
763 2113 822 2174 sed
835 2114 923 2190 ipsos
936 2115 1085 2193 voluptas
1095 2118 1142 2179 lta

166 2194 226 2269 bet,
251 2196 339 2257 catius
354 2203 406 2258 aut
419 2197 523 2273 inopia
536 2204 716 2272 torquentur
730 2204 782 2258 aut
795 2198 887 2273 copia
906 2202 1141 2277 strangulantur,

165 2278 279 2353 miseri,
295 2282 321 2341 si
333 2280 519 2343 deseruntur
528 2281 567 2341 ab
578 2280 639 2354 ilia,
651 2281 837 2356 miseriores,
851 2282 880 2342 si
890 2282 1074 2361 obruuntur,
1089 2286 1141 2347 sic·

164 2367 200 2421 ut
223 2362 368 2439 deprensi
394 2363 472 2425 mari
493 2362 613 2442 Syrtico
641 2365 734 2425 modo
759 2365 791 2425 in
817 2365 903 2427 sicco
921 2366 1141 2445 relinquuntur,

134 2452 151 2504 2
166 2444 259 2505 modo
273 2453 407 2508 torrente
420 2448 506 2508 uada
519 2444 712 2511 fluctuantur.
740 2447 850 2509 Euenit
864 2456 968 2511 autem
980 2452 1046 2527 hae
1058 2453 1142 2515 ninia

164 2527 398 2601 intemperantia
410 2536 441 2591 et
458 2546 527 2591 amo
578 2545 690 2591 caecae
702 2533 756 2592 rei.
785 2548 855 2593 nam
875 2535 956 2594 mala
977 2552 1037 2613 pra
1057 2536 1141 2599 bonis

164 2610 280 2683 patenti
294 2611 505 2684 periculosum
577 2613 717 2689 adsequi.
742 2616 782 2676 llt
796 2617 878 2677 ieras
892 2632 963 2679 cum
974 2618 1141 2699 mbompe

163 2690 325 2767 riculoque
337 2709 486 2756 venamur
556 2704 713 2772 captarum
728 2715 854 2775 quoque
875 2701 997 2765 illerum
1015 2702 1141 2767 sollicite

163 2777 328 2851 possessio
342 2785 398 2853 est,
420 2795 475 2841 sae
524 2810 528 2815 ·
548 2781 611 2842 nim
625 2781 740 2845 laniant
752 2784 912 2846 dominnm
932 2784 977 2847 ita
995 2786 1139 2851 mater
1179 2804 1181 2833 =

164 2874 294 2935 magnas
308 2863 484 2939 voluptates
544 2880 688 2941 magnam
704 2867 817 2928 malum
831 2883 962 2931 evasere
972 2879 1141 2949 raptaeque

165 2959 287 3018 cepere.
311 2962 392 3021 quoe
406 2965 469 3023 quo
512 2951 594 3011 lures
609 2950 805 3025 maioresque
818 2958 898 3025 sunt,
921 2967 960 3013 eo
979 2953 1034 3017 iile
1046 2952 1141 3017 rniuor

164 3042 202 3085 ao
225 3026 357 3101 plurium
383 3046 454 3092 serv
514 3041 578 3106 est,
606 3048 697 3106 quem
721 3035 842 3097 leiioem
864 3036 977 3111 vulgus
999 3038 1140 3117 adpelle

129 3107 442 3176 spermanernllbetl
516 3116 1019 3195 cedamnunchulusrolimariaa.
1041 3138 1138 3199 qim·

163 3192 328 3256 admodum
343 3195 396 3272 qui
467 3198 577 3259 tiaram
590 3198 701 3261 cubilia
714 3199 839 3276 indagat
851 3208 882 3263 et

482 3283 588 3354 laqueo
600 3289 726 3357 captore
735 3284 824 3358 feras

164 3374 276 3434 magua
295 3361 433 3423 aestimat
447 3370 477 3422 et

388 3447 855 3513 latosccoldusclrouadomsl
933 3482 937 3491 ·
989 3464 1128 3533 ..arpa

380 3676 406 3842 t
