2378 3856
129 210 156 248 vt
513 198 750 248 vanniano.

129 348 187 385 netn
203 341 301 400 potest,
319 333 449 398 quomodo
463 333 636 383 emendandus
648 334 683 383 sit
695 333 765 385 loeus
777 333 842 385 Diui.
852 336 908 396 Vll,
921 337 964 397 20,
980 337 1004 387 l.
1022 339 1067 388 ubi
1076 340 1147 402 quod

129 402 214 454 adhue
228 403 271 453 edi
287 402 394 467 solebat,
406 400 483 467 pisas
497 402 639 452 inauditum
652 413 704 451 est:
723 402 796 452 Nam
814 405 945 468 quidem
962 407 991 456 sl
1008 415 1038 457 st
1053 409 1148 472 paria

130 473 233 523 dietis
249 478 398 541 agerent,
414 470 492 533 quid
510 478 598 520 assat
616 469 689 520 iilis
705 472 862 522 beotius?
879 473 962 524 Vetas
978 475 1070 524 vitium
1088 489 1147 527 assa

129 547 253 591 monstrat
266 541 291 590 si
305 538 444 604 puiouh,
466 552 532 603 quae
547 540 599 588 ian
616 541 644 589 iu
661 541 756 605 optino
771 542 828 591 eod.
846 542 948 593 Hedisi.
964 542 1016 608 tegi
1029 543 1147 608 perhibe·

128 618 183 667 tnr.
210 607 280 658 illata
297 607 342 657 iila
358 607 428 658 naua
446 608 523 658 dubis
541 608 573 657 ab
591 607 692 658 inieiioe
709 620 864 669 eumeotm
886 619 1021 662 utentem
1039 615 1078 663 ati
1094 613 1147 679 syl·

128 677 202 728 labae
217 676 374 735 assiderent,
392 676 484 726 aedidit
499 678 533 727 ob
549 675 659 726 similem
675 679 772 728 exitum
788 679 860 728 roais
876 680 1060 731 antecedentis.

197 744 264 796 liaeo
279 746 426 810 speoiminis
442 758 522 795 eausa
538 744 656 795 ntideere
672 760 750 810 posse
766 746 886 797 videntur
899 763 982 812 pauca
996 751 1029 800 de
1043 750 1146 808 maitiae

128 830 176 865 neo
200 825 285 865 tamea
307 814 409 875 dubito,
434 815 495 877 qaia
517 828 618 872 somna,
641 830 708 878 quae
722 815 756 865 ob
771 823 927 866 eoustautatn
942 816 1053 868 &neone
1070 832 1147 870 nsunt

129 884 288 934 emendenda
308 891 381 943 sunt,
406 898 455 949 ego
474 898 575 947 onnus
598 883 650 933 alis
667 898 717 933 nou
736 884 972 947 anindvertetin,
996 887 1061 948 aila,
1088 901 1147 939 om

129 961 248 1019 snspeota
262 960 361 1015 emant,
378 952 471 1002 iniuria
487 954 581 1002 intaeta
597 953 755 1015 ιοΙὶοιιαίυς
773 961 813 1002 sst
826 955 894 1003 uim
910 955 974 1006 itaea
988 970 1030 1006 rsa
1040 965 1096 1007 tam
1108 959 1147 1008 in·

127 1021 214 1072 duitas
232 1020 392 1087 diligeadm
411 1029 439 1070 ut
450 1021 528 1070 mam
541 1022 568 1070 in
578 1021 701 1086 saiptors
712 1021 913 1074 inmidorimimo
926 1039 1008 1074 novae
1018 1026 1067 1075 tini
1079 1040 1146 1076 seno

46 1130 50 1136 .
129 1105 176 1154 por
196 1090 357 1153 quaestiones
376 1089 541 1139 suboriantur
559 1097 585 1138 st
606 1104 673 1140 novo
693 1090 778 1141 studio
799 1092 914 1143 limanda
935 1096 970 1143 sit
991 1094 1146 1146 observatis.
1188 1124 1189 1132 κ

130 1157 246 1209 Getarum
263 1158 364 1208 dicendi
383 1172 464 1224 genus
481 1158 508 1207 iu
525 1158 642 1208 omnibus
660 1156 773 1210 Soneeas
789 1159 863 1211 libris
881 1162 948 1212 idem
966 1159 1021 1211 lere
1036 1169 1062 1210 et
1079 1176 1147 1214 sera·
1188 1177 1189 1214 t

73 1251 83 1264 ι
128 1240 176 1291 per
192 1230 234 1276 aui
248 1227 333 1277 simiis
351 1234 402 1285 est,
420 1227 485 1277 adeo
502 1227 606 1290 quidem
623 1235 651 1276 ut
665 1242 698 1277 na
708 1227 900 1295 Epigrammata
910 1229 1013 1292 quidem
1026 1232 1147 1296 exeipaea
1188 1229 1189 1284 i

128 1294 222 1355 velim,
245 1311 311 1359 quas
326 1295 453 1345 nonnullis
468 1296 524 1345 sins
541 1296 635 1346 idonea
652 1310 731 1347 eausa
749 1299 837 1362 apuria
854 1299 911 1348 visa
927 1305 1001 1354 suut3
1026 1299 1097 1348 idem
1115 1301 1147 1351 ds
1188 1319 1189 1362 3

130 1362 350 1415 consolatiouead
366 1362 499 1429 Polybium
512 1364 583 1422 diem
602 1365 679 1429 quid,
696 1366 806 1430 quadiu
820 1365 892 1416 Ludo
907 1381 1008 1428 quoqne
1022 1368 1148 1420 domoras
1188 1392 1189 1396 ¹

130 1431 231 1484 Claudii
248 1433 371 1483 Seueram
385 1447 525 1496 ιμοιοοῐο
542 1432 616 1484 insila
634 1442 686 1494 est,
706 1448 859 1497 quamquam
876 1435 902 1482 iu
919 1448 1006 1483 sores
1022 1437 1082 1500 ipsa
1094 1440 1148 1489 sia-

130 1503 245 1567 guiaram
269 1502 391 1551 orationis
413 1500 520 1551 sormam
535 1502 713 1568 desiderabat,
739 1504 765 1552 lu
782 1517 834 1565 qua
851 1501 987 1551 manifesta
1003 1511 1044 1553 est
1060 1503 1148 1556 Petro·

130 1573 221 1622 niauas
238 1578 340 1620 satura
359 1570 478 1621 imitatio.
501 1570 539 1620 De
553 1572 703 1622 nudandi
720 1585 780 1621 roro
791 1569 941 1620 dliiienitate
954 1572 976 1620 si
990 1575 1147 1635 quaer-imm,

130 1655 180 1690 uon
205 1641 317 1689 omnium
340 1637 463 1689 librorum
482 1653 531 1704 par
551 1643 616 1691 ratio
630 1648 680 1691 est.
714 1640 822 1689 Fmtant
838 1646 924 1689 autem
942 1642 1054 1690 omnium
1074 1643 1148 1693 multi

130 1709 203 1759 codd.
228 1723 302 1766 mss.;
329 1723 386 1758 eum
404 1709 470 1758 euim
488 1709 574 1760 medio
592 1725 657 1760 aero
674 1707 772 1759 Sensus
785 1707 851 1758 iuter
866 1709 1002 1772 seriptores
1019 1711 1148 1774 probatis·

130 1779 209 1826 simos
226 1785 253 1826 et
269 1776 336 1826 ieotu
354 1777 519 1842 dignissimos
535 1776 684 1837 haberetur,
707 1775 801 1825 laetum
819 1784 858 1825 est
874 1784 903 1825 at
919 1777 1035 1840 plurimis
1051 1780 1149 1845 ubique

130 1845 252 1909 exemplis
267 1845 394 1910 descripta
406 1846 462 1895 eius
474 1860 551 1910 opera
562 1846 632 1897 vitiis
641 1844 803 1895 induerentur
812 1844 1052 1906 innumerabilibns3
1072 1850 1150 1914 paud

130 1922 189 1964 suut
207 1914 309 1963 oodioes
325 1914 507 1978 vetustissimi,
525 1915 569 1977 qui
586 1926 739 1978 quamquam
752 1920 778 1962 et
793 1913 844 1977 ipsi
856 1913 993 1976 aliquando
1006 1923 1051 1966 aut
1062 1932 1150 1969 emas

130 1983 261 2047 depravati
278 1990 336 2031 aunt
350 1990 394 2031 aut
405 1982 474 2032 mala
484 1983 672 2039 emendatione,
688 1981 766 2046 longe
778 1989 863 2032 musa
875 1982 989 2046 reliquos
1002 1985 1150 2050 integritate

129 2058 258 2115 superant.
292 2049 332 2099 Ex
349 2049 390 2100 his
408 2060 446 2101 est
460 2051 518 2102 eod.
534 2049 743 2110 lledioiansnsis,
758 2064 834 2112 quern
848 2050 978 2102 liebertus
993 2056 1085 2104 statuit
1098 2068 1149 2107 nas

130 2133 187 2169 esse
204 2127 263 2183 post
279 2119 392 2168 aeonium
408 2119 453 2170 IX.
468 2121 603 2184 amipunmz
621 2118 732 2168 eontinet
745 2118 909 2184 Dialogorum
920 2121 998 2171 libros
1007 2121 1063 2171 xil.
1076 2124 1150 2174 iten-

130 2203 180 2250 qua
204 2185 332 2252 Epistulas
353 2187 427 2238 Pauli
446 2189 482 2240 ad
496 2187 619 2238 Smeoam
635 2193 663 2236 et
678 2184 790 2236 Senam
807 2188 840 2237 ad
859 2188 979 2247 Panium
1002 2192 1150 2256 scripturas

131 2257 328 2320 discrepantiam
352 2257 379 2305 iu
401 2257 511 2307 Fessisri
526 2271 603 2306 nsum
626 2253 762 2321 diiigenter
779 2270 795 2305 a
810 2256 912 2307 duobus
928 2257 1000 2307 Italia
1018 2268 1151 2311 enotatstu

129 2326 228 2389 primus
244 2325 374 2375 Fiokertus
391 2327 486 2391 publici
503 2327 567 2374 iuris
581 2324 651 2377 ieeit.
684 2325 733 2373 Par
747 2325 827 2374 virtus
841 2333 879 2375 est
892 2327 987 2376 oodiois
1002 2325 1150 2387 linearium,

130 2395 174 2456 qui
197 2400 366 2457 postquama
390 2393 496 2445 Grutero
519 2400 655 2457 usurpatus
678 2399 730 2452 est,
756 2407 806 2442 non
824 2396 977 2459 eomparoit3
1001 2397 1152 2449 oontiusbat

129 2462 208 2511 libros
231 2462 263 2510 de
285 2461 418 2513 Benaiieiis
441 2470 468 2512 et
488 2461 523 2511 de
545 2460 695 2518 Clementia
717 2461 752 2512 ad
773 2471 915 2513 aomratam
932 2462 1099 2515 collationem
1124 2467 1153 2517 in

130 2530 193 2579 libro
215 2527 396 2581 Mediolanensi
419 2531 518 2594 mona,
541 2529 568 2579 in
588 2529 728 2579 Nasariano
749 2530 830 2580 multa
851 2531 1041 2593 desiderantur,
1064 2548 1153 2599 nequa

39 2649 44 2657 ,
130 2606 214 2647 tamen
231 2597 334 2649 dubium
347 2607 400 2661 est,
415 2600 477 2664 quin
489 2612 552 2663 pras
565 2598 666 2648 illorum
679 2601 826 2649 auctoritate
838 2599 931 2663 reliqui
944 2601 1047 2651 eodioea
1058 2616 1162 2655 omna·

131 2665 205 2730 parvi
219 2667 368 2718 aestimaudi
386 2669 451 2728 sint,
475 2667 571 2731 quippe
589 2667 634 2729 qui
653 2668 679 2716 iu
695 2667 757 2717 loeis
775 2671 902 2734 corruptis
916 2669 981 2719 nihii
996 2668 1154 2735 plerumque

130 2734 239 2784 habeant
254 2736 304 2785 nisi
319 2737 381 2787 vitia
399 2751 432 2787 ex
448 2734 549 2786 iliorum
566 2736 636 2784 vitiis
652 2743 712 2785 nata
729 2744 773 2786 aut
788 2738 908 2787 vitiorum
925 2739 1101 2790 oorreetiouea
1114 2743 1154 2792 vi·

130 2804 218 2851 tiosas.
254 2805 335 2868 litque
352 2805 565 2855 Mediolanensem
580 2804 694 2854 eodioem
706 2806 781 2855 etiam
793 2807 819 2855 in
832 2822 864 2856 ao
878 2814 980 2856 seoutus
994 2820 1061 2866 sum,
1080 2810 1154 2873 qnod

132 2885 195 2932 quoa
213 2869 257 2921 ilie
268 2873 433 2940 Dialogorum
448 2872 548 2922 nomine
562 2871 639 2922 libros
653 2872 707 2924 ΧΠ.
722 2875 924 2940 comprehendit,
942 2875 1031 2925 eodem
1043 2878 1154 2929 nonius

131 2946 157 2988 et
171 2940 261 2990 ordina
275 2943 409 3001 eoniun1i3
435 2956 494 2991 uam
511 2941 560 2990 etsi
575 2942 698 3006 ampliora
716 2944 792 2992 etism
808 2944 905 3008 scripta
922 2944 954 2993 de
971 2943 1110 2996 sermm·
1128 2954 1155 2997 et

130 3006 187 3056 Nat.
205 3009 316 3068 Quaestt.
330 3019 357 3073 et
376 3010 517 3075 imperieoti
535 3009 568 3059 de
583 3009 721 3061 Clementia
737 3011 794 3061 libri
811 3019 928 3076 poteraut
944 3013 1001 3075 pari
1017 3013 1078 3063 inre
1096 3014 1154 3066 dh-

131 3075 184 3140 iogi
207 3078 329 3143 appellari
348 3086 425 3140 atque
447 3079 504 3141 ipse
524 3079 598 3128 etiam
623 3077 720 3130 Seneca
737 3080 815 3129 libms
832 3081 865 3129 de
881 3080 979 3129 Beued'.
996 3095 1028 3130 eo
1045 3084 1156 3135 nomine

130 3143 314 3267 :tillim
323 3145 484 3265 liiii
493 3146 869 3282 tilliano-iiiiii}
880 3158 1090 3280 titilus.
1101 3166 1156 3272 it:

131 3283 205 3344 qusai
220 3299 312 3350 eorpus
334 3281 496 3347 dialogorum
513 3285 638 3334 exstitisse
656 3285 802 3343 orsianus,
826 3287 974 3350 praesertim
992 3300 1052 3336 eam
1073 3289 1155 3350 Quin-

130 3348 232 3401 tilianus
245 3352 277 3411 X,
293 3352 318 3412 l,
333 3348 393 3401 129.
413 3351 531 3418 dialogos
543 3361 678 3413 memorst3
697 3368 728 3404 ao
742 3356 824 3418 potuit
837 3354 862 3404 id
876 3355 927 3404 iam
941 3355 1044 3422 abipso
1054 3354 1155 3409 &nasa

131 3418 172 3467 sio
189 3419 298 3480 institui;
323 3419 386 3470 nihil
404 3422 471 3471 euim
492 3438 522 3471 eo
547 3423 702 3484 continetur,
728 3423 797 3485 quod
819 3423 852 3472 ad
872 3432 1017 3487 postremos
1036 3423 1155 3478 Saum

199 3501 210 3536 s
232 3490 388 3553 Neronisque
408 3491 540 3557 imperium
557 3493 689 3557 pertineat.
726 3490 842 3542 Ceterum
863 3506 912 3541 non
931 3506 995 3556 opus
1014 3502 1054 3543 est
1073 3510 1155 3562 expo·
