2378 3856
167 202 210 267 38
463 204 496 263 L.
516 203 662 264 dunaal
685 203 859 265 SENECAE

16 417 23 428 ,
137 360 340 433 evoluptates
358 354 641 429 intemperantiores
662 353 786 414 homine
802 363 882 415 sunt.
917 355 983 415 Non
1000 358 1152 433 estquod

167 441 276 501 credas
291 439 333 500 illi
348 439 401 513 qui
417 437 504 498 dicit:

292 539 351 584 non
366 539 442 598 aper
457 524 553 582 t’rasci
563 525 707 594 meminit,
721 538 781 582 oon
790 524 888 595 fidere
900 540 992 582 cursu

292 623 382 668 cerva
394 623 449 666 aec
466 608 608 666 armenas
620 608 777 666 incurrere
787 607 916 679 sordem
929 609 1004 666 ursi.

165 690 257 750 irasci
283 691 356 750 dicit
380 688 511 762 incitari,
534 689 661 765 inpingi.
704 689 797 749 irasci
819 690 942 766 quidem
963 704 1025 749 ιιοιι
1050 688 1151 766 magis

136 773 266 835 fisciunt
281 791 373 849 quam
389 774 559 847 ignoscere.
597 773 680 834 Mula
700 773 842 832 animalia
862 772 1004 833 humanis
1021 774 1152 835 adlecti·

165 859 222 919 bus
239 867 357 932 carent,
374 855 486 917 habent
501 865 602 917 autem
617 856 733 917 similes
750 856 810 917 illis
826 857 977 932 quosdam
991 855 1151 932 inpulsum

165 941 301 1017 alioquin
319 943 346 1002 si
363 957 449 1001 amor
463 941 494 999 in
508 940 567 1000 illis
583 949 682 1011 esset,
705 948 736 1000 et
750 941 853 1001 odium
867 948 960 1001 esset
997 938 1025 1000 si
1045 942 1150 1002 amici·

163 1026 220 1098 lia,
242 1034 271 1085 ει
285 1026 434 1085 simultas.
467 1024 493 1084 si
509 1024 678 1097 dissensio,
701 1031 732 1084 el
745 1025 926 1085 concordiae
948 1036 1080 1100 quoram
1096 1023 1151 1085 ali·

165 1124 227 1183 qua
243 1109 272 1167 in
288 1108 347 1168 illis
363 1123 488 1184 quoque
503 1115 626 1168 exstant
638 1107 783 1182 vestigia,
799 1116 932 1168 ceterum
946 1108 1152 1170 humanorum

136 1199 322 1266 lpeclorum
340 1193 465 1268 propria
480 1192 561 1251 bona
578 1193 721 1265 malaque
739 1200 819 1253 sunl.
852 1192 932 1252 Nulli
952 1191 1012 1252 nisi
1034 1192 1152 1254 homini

165 1291 317 1337 concessa
333 1277 494 1351 prudentia
511 1283 574 1350 εει,
590 1275 796 1350 providentia,
813 1275 977 1351 dicanda,
995 1277 1151 1350 cogitatio.

164 1375 222 1420 nec
239 1367 356 1420 tanturn
371 1358 533 1420 virtutibus
549 1359 689 1420 humanis
704 1360 859 1431 animalia,
882 1360 939 1420 sed
961 1359 1051 1420 etiam
1066 1359 1150 1422 vitiis

164 1443 318 1518 prohibita
334 1449 414 1503 sunt.
446 1445 522 1504 'lota
543 1444 662 1505 illorum
684 1451 717 1504 ul
731 1451 818 1503 extra
831 1444 873 1503 ita
886 1443 964 1504 intra
979 1444 1079 1504 lorma
1095 1443 1150 1505 btr

164 1542 272 1585 manae
290 1526 448 1586 dissimilis
464 1534 525 1586 est=
550 1529 679 1603 [regium
701 1535 749 1589 est
768 1527 843 1590 illud
864 1533 895 1586 el
908 1527 1080 1602 principale
1096 1528 1149 1588 ali-

163 1618 209 1669 ter
225 1610 361 1682 dictum]
395 1617 429 1670 ut
445 1626 507 1671 vox
523 1619 572 1671 est
587 1612 729 1687 quidem,
751 1611 807 1671 sed
823 1627 883 1671 non
900 1610 1106 1687 explanabilis
1120 1618 1152 1673 et

165 1694 341 1768 perturbata
355 1702 385 1755 ει
399 1695 563 1755 verborum
578 1694 731 1754 inefficax.
760 1701 794 1754 ut
808 1694 920 1769 lingua,
936 1694 993 1754 aad
1007 1694 1151 1756 devincta

165 1793 222 1837 nec
240 1778 269 1837 in
286 1785 387 1838 nrolus
402 1779 506 1838 varios
529 1778 644 1839 soluta:
670 1779 712 1838 ita
726 1776 828 1852 ipsum
848 1777 1018 1852 principale
1039 1790 1149 1852 parum

165 1860 285 1934 subtile,
301 1878 408 1937 pamm
424 1868 575 1922 exactum.
615 1862 697 1936 capit
713 1876 787 1936 ergo
801 1861 888 1921 visus
902 1861 1148 1937 speciesquere

163 1958 230 2002 rum
253 1945 365 2019 quibus
385 1946 426 2005 ad
448 1946 570 2021 inpetus
587 1952 748 2018 evocetur,
771 1945 828 2006 sed
842 1944 982 2005 turbidas
996 1951 1026 2004 et
1040 1947 1147 2007 aonia

134 2035 226 2090 8sas.
266 2044 305 2087 ex
320 2044 358 2090 eo
381 2044 551 2104 procursus
574 2030 689 2090 illorum
711 2029 919 2103 tumultusque
947 2027 1146 2091 vehementes

164 2117 245 2183 sunl,
262 2120 360 2173 melus
376 2119 477 2174 aulem
492 2112 776 2187 sollicitudinesque
791 2119 822 2173 ει
838 2112 956 2172 tristitia
974 2119 1005 2172 et
1020 2112 1067 2173 ira
1085 2128 1145 2174 non

165 2203 244 2268 sunl,
265 2196 322 2257 sed
334 2196 382 2257 his
394 2198 547 2273 quaedam
559 2195 683 2257 similia:
699 2194 771 2256 ideo
784 2197 843 2257 cito
858 2196 972 2256 cadunt
986 2202 1017 2257 et
1028 2203 1145 2258 mutan-

164 2280 242 2339 tur
234 2297 265 2339 ιιι
284 2282 468 2342 contrarium
494 2287 524 2341 et
547 2296 615 2340 cum
642 2279 789 2339 acerrime
814 2279 989 2341 saevierunt
1012 2294 1146 2356 expaves

164 2371 304 2440 runlque,
324 2372 492 2441 pascuntur
507 2372 537 2425 et
551 2379 590 2423 ex
605 2362 724 2423 fremitu
736 2363 1145 2465 discursuqueveaanostae

164 2447 217 2506 lim
234 2448 322 2523 quies
338 2462 497 2523 soporque
512 2445 660 2521 sequitur.

136 2536 149 2587 1
226 2530 278 2588 Ν.
309 2527 1046 2602 Quidessctirasatisexplicitumest.
1071 2547 1145 2606 quo

166 2609 289 2671 distel
302 2612 347 2670 ab
362 2609 569 2670 iracundia
583 2609 654 2681 adp
666 2615 763 2668 aret:
780 2611 1007 2683 quoebriusab
1019 2614 1144 2676 ebrioso

165 2701 195 2754 et
210 2695 318 2754 timens
336 2692 483 2752 atimido.
505 2693 601 2752 iratus
617 2696 719 2765 polest
732 2706 792 2751 non
805 2706 875 2753 esse
889 2696 1072 2759 iracundusz
1088 2698 1143 2759 ira·
1163 2694 1165 2699 ’

134 2777 282 2839 acundus
305 2781 390 2850 [non]
411 2781 515 2851 potest
535 2772 699 2849 aliquando
720 2772 815 2834 iratus
837 2793 898 2837 non
914 2795 994 2840 esse.
1038 2781 1143 2846 catere

166 2876 245 2936 quae
271 2859 409 2935 pluribus
431 2859 515 2934 apud
537 2857 671 2916 Graecos
693 2856 866 2919 nominibus
882 2862 913 2921 in
928 2864 1053 2937 species
1068 2865 1145 2927 ἰιιιιι

165 2945 368 3019 distinguunt,
394 2941 466 3017 quia
490 2941 575 3016 apud
595 2953 653 2998 nos
680 2938 830 3000 vocabule
853 2958 910 3003 sua
933 2962 996 3006 noo
1021 2948 1144 3023 hebent

164 3027 351 3102 praeteribo,
376 3025 493 3085 etiamsi
518 3036 653 3081 amarum
683 3035 741 3080 nos
770 3024 975 3103 acerbumque
1002 3030 1144 3108 dicimus,

164 3123 221 3167 nec
235 3108 335 3168 minus
350 3104 587 3175 stomachosum,
602 3101 768 3176 rabiosum,
784 3104 961 3186 clamosum,
976 3112 1143 3190 difficilem,

165 3205 316 3265 asperum,
335 3202 415 3264 quae
432 3185 533 3248 omnia
547 3185 659 3243 irarum
674 3183 862 3249 differentiae
876 3201 956 3254 sunt
991 3197 1071 3259 inter
1085 3201 1144 3262 bos

134 3281 321 3335 timorosum
336 3283 434 3346 ponas
450 3268 528 3341 licet,
547 3265 730 3327 delicatum
722 3273 898 3336 iracundiae
913 3292 1023 3352 genus
1046 3300 1141 3359 quae-

164 3357 235 3420 dam
259 3356 338 3416 enim
365 3359 436 3414 sunt
460 3352 537 3424 irae,
572 3363 651 3426 quae
678 3348 753 3410 intra
779 3354 942 3420 clamorem
968 3367 1142 3428 concidant

167 3441 316 3518 quaedam
328 3455 390 3499 non
405 3437 505 3497 minus
518 3435 689 3512 pertinaces
711 3448 801 3505 quam
818 3436 1003 3515 trequentes
1047 3469 1137 3526 quae
