2378 3856
257 202 359 262 DIAL.
383 203 436 261 lv.
469 202 521 263 DE
542 204 612 265 lan
629 205 701 267 LIB.
722 206 759 264 ll.
778 213 876 269 4-7.
1019 205 1059 270 57

77 357 109 411 tu
128 351 280 426 superbo,
304 350 394 425 quasi
412 352 607 426 magnificum
629 352 773 427 quiddam
794 354 1058 429 conspiciendum-

78 448 138 507 que
150 433 289 508 fecisset,
304 449 415 509 graece
428 436 642 509 proclamavitr
658 452 748 504 orem
763 435 897 511 reprom!
918 437 994 512 Quid
1009 440 1059 500 hic

76 532 132 575 rex
147 517 294 577 lecisset?
312 517 379 577 Non
401 519 456 579 luit
477 518 554 579 haec
575 519 633 591 ira,
651 520 709 587 sed
722 522 821 582 maius
835 521 945 584 malum
961 530 992 583 et
1012 523 1055 585 in-

12 657 16 665 ,
77 599 224 659 sanabile.
397 664 400 670 ⁴

137 684 189 741 Vl.
216 685 357 758 ‚,Virtus,
380 684 492 760 inquit,
515 692 548 747 ut
567 683 707 745 honestis
728 686 821 747 rebus
843 688 976 763 propitia
998 699 1083 762 est,1

75 770 116 826 ila
136 768 277 841 turpibus
299 768 376 827 irata
397 783 469 829 esse
489 769 611 828 debat.“
634 766 713 842 Quid
734 769 761 830 si
783 769 902 831 dicaam
915 771 1056 835 virtutem

75 858 105 910 et
124 850 269 910 humilem
288 858 318 911 et
335 867 476 926 magnam
491 867 564 912 esse
578 852 712 912 deberat
731 853 815 928 atqui
827 853 888 915 hoc
903 855 983 926 dicit,
1003 854 1056 929 qui

76 934 156 993 illam
172 935 275 997 extolli
287 936 355 1015 ¹vult
369 944 399 995 et
413 936 557 1011 deprimi,
573 935 717 1011 quoniam
731 936 848 997 laetitia
860 938 899 998 ob
914 946 996 998 recte
1012 939 1054 999 la·

75 1023 156 1077 ctum
177 1019 260 1078 clara
278 1018 503 1095 magnificaque
524 1028 584 1092 est,
612 1021 658 1078 ira
677 1020 717 1087 ob
738 1021 870 1081 alienum
895 1029 1055 1099 peccatum

74 1101 201 1162 sordida
221 1103 393 1176 clamasti
411 1102 547 1178 pectoris
568 1111 624 1165 est.
654 1118 712 1163 nec
731 1120 875 1178 umquam
891 1106 1083 1172 committeta

72 1184 184 1256 virtus,
200 1192 233 1246 nt
246 1184 334 1259 vitia,
350 1186 422 1247 dum
436 1186 610 1261 conpescit,
632 1186 778 1246 imitetur:
799 1187 898 1261 ipsam
911 1190 988 1263 iram
999 1205 1053 1257 ,ca-

74 1267 245 1342 stigandam
270 1268 375 1343 habet,
403 1286 483 1345 quae
506 1269 600 1330 nihilo
626 1269 732 1329 melior
758 1277 819 1341 est,
845 1286 939 1345 saepe
964 1273 1052 1333 otiam

74 1352 161 1425 peior
182 1352 230 1412 his
252 1352 386 1425 delictis,
408 1353 520 1428 quibus
543 1352 693 1413 irascitur.
727 1352 867 1412 Gaudere
888 1354 1054 1430 laetarique

72 1434 231 1509 proprium
246 1441 276 1495 et
289 1437 426 1494 naturale
441 1437 558 1496 virtutis
572 1443 633 1495 est:
656 1436 746 1505 irasci
762 1451 824 1507 non
842 1444 890 1496 est
904 1453 942 1498 ex
956 1437 1052 1512 digni-

72 1525 134 1577 tate
148 1518 231 1591 eius,
250 1534 312 1578 non
326 1520 423 1593 magis
438 1535 530 1593 quam
545 1534 692 1580 moerere.
714 1520 798 1595 atqui
812 1519 988 1584 racundiae
1002 1522 1052 1582 tri·

73 1600 155 1660 stitia
168 1616 272 1662 comes
287 1604 375 1661 estet
388 1604 418 1661 in
433 1603 513 1664 hanc
525 1600 681 1664 omnisira
691 1605 741 1662 uel
752 1610 825 1678 post
835 1603 1053 1678 poeniteutiam

71 1685 121 1744 vcl
137 1691 210 1760 post
223 1686 376 1760 repulsam
392 1685 565 1748 revolvitur.
593 1687 631 1746 Et
651 1687 677 1746 si
692 1687 839 1761 sapientis
855 1695 903 1747 est
917 1685 1082 1762 peccatiss

71 1769 178 1843 irasci,
201 1769 298 1844 magis
319 1771 468 1830 irascetur
481 1769 648 1830 maioribus
664 1777 694 1830 et
706 1785 803 1845 saepe
818 1770 981 1832 irasceturz
1003 1786 1051 1832 se·

72 1853 187 1926 quitur,
209 1861 243 1913 nt
261 1870 323 1914 non
344 1860 461 1914 tantum
477 1855 571 1915 iratus
587 1853 627 1914 sit
641 1853 782 1928 sapiens,
804 1853 861 1913 sed
874 1854 1050 1915 iracundus.

71 1937 155 2010 atqui
176 1936 281 1997 si'nec
296 1954 435 2012 magnam
457 1938 532 1998 iram
555 1953 612 1999 nec
632 1938 822 2012 frequentem
840 1937 873 1996 in
886 1938 986 1999 animo
1003 1954 1050 1999 sa·

70 2018 182 2092 pientis
203 2022 308 2096 locum
326 2021 442 2080 hahere
454 2021 623 2093 credimus,
646 2019 721 2095 quid
741 2028 804 2095 est,
825 2036 921 2096 quare
935 2036 996 2083 non
1012 2035 1051 2080 ex

70 2108 134 2162 toto
150 2103 233 2162 illum
247 2103 306 2162 hoc
322 2105 444 2164 adiectu
457 2104 644 2166 liberemus?
657 2105 768 2167 modus
784 2104 887 2176 [cuim]
904 2119 975 2162 esse
989 2116 1079 2170 nona

69 2190 186 2260 potest,
208 2186 235 2244 si
256 2202 312 2261 pro
335 2188 415 2246 lacto
436 2188 587 2262 cuiusque
606 2188 802 2253 irascendum
821 2193 879 2249 est.
911 2202 980 2246 nam
1000 2195 1052 2246 aut

69 2269 285 2351 iniquuserit,
308 2271 334 2328 si
349 2269 517 2344 aequaliter
531 2271 678 2331 irascetur
693 2268 811 2331 delictis
827 2268 1047 2342 inaequalibus

69 2359 121 2411 aut
136 2351 404 2424 iracundissimus,
426 2354 456 2412 si
474 2352 584 2415 totiens
605 2353 803 2415 excanduerit
817 2350 959 2426 quotiens
975 2351 1049 2410 iram

69 2437 188 2496 scelera
202 2435 375 2496 meruerint.

132 2519 195 2577 Vll.
224 2519 262 2578 Et
283 2519 357 2594 qnid
383 2518 538 2593 indignius
559 2534 652 2594 quam
670 2517 817 2592 sapientis
839 2517 991 2578 adlectum
1011 2532 1074 2583 ext

67 2601 168 2662 aliena
193 2604 328 2677 pendere
353 2601 513 2677 nequitias
535 2603 655 2664 desinet
678 2600 730 2661 ille
756 2601 925 2679 [Socrates]
955 2616 1050 2676 posse
1139 2654 1152 2661 .

68 2686 208 2746 eumdem
230 2687 343 2746 voltum
367 2687 490 2747 domum
511 2686 641 2759 referre,
664 2700 756 2760 quem
776 2686 868 2752 domo
891 2686 1049 2760 extulerat.

68 2769 151 2844 atqui
172 2771 199 2828 si
220 2770 310 2829 irasci
323 2770 458 2844 sapiens
479 2771 606 2844 turpiter
627 2769 716 2829 lactis
739 2769 831 2833 debet
849 2775 880 2829 et
903 2767 1049 2828 concitari

67 2851 301 2927 contristarique
316 2853 356 2911 oh
370 2856 498 2925 scelera,
514 2853 588 2915 nihil
602 2858 650 2912 est
664 2853 879 2922 aerumnosius
894 2851 1048 2925 sapiente:

66 2935 167 2997 omnis
191 2936 232 2994 illi
259 2951 313 3010 per
338 2935 528 2996 iracundiam
553 2949 787 3009 moeroremque
813 2929 1047 3001 vitatransibit.

68 3022 152 3095 quod
172 3020 254 3080 enim
271 3025 457 3079 momentum
471 3018 541 3091 orit,
561 3032 623 3090 quo
638 3033 699 3078 non
720 3016 913 3090 inprobanda
927 3014 1076 3094 videntia

66 3105 208 3179 quotiens
223 3102 412 3178 processerit
424 3102 533 3174 domo,
554 3115 610 3176 per
624 3102 793 3166 sceleratos
813 3098 854 3160 illi
873 3111 1048 3173 avarosque

66 3196 96 3248 et
115 3187 265 3265 prodigos
285 3192 316 3246 et
335 3185 512 3260 inpudentis
533 3193 564 3244 et
582 3183 623 3244 ob
644 3185 702 3249 ista
722 3184 828 3244 felices
843 3181 1048 3243 incedendum

65 3273 130 3332 erit
162 3286 315 3345 nusquam
337 3268 418 3329 oculi
441 3269 508 3330 eius
529 3267 703 3340 flectentur,
729 3275 843 3328 utnon
866 3261 1045 3352 quodlindi-

65 3363 196 3431 guantur
212 3352 377 3414 inveniant.
405 3352 541 3424 deficiet,
562 3353 589 3411 si
604 3352 749 3411 totiens-a
763 3367 798 3411 se
812 3351 887 3409 iram
904 3346 1045 3423 quotiens

61 3452 159 3500 eausa
179 3444 302 3513 poscet,
323 3436 466 3510 exegerit.
499 3435 584 3495 Haec
604 3440 648 3493 ιοι
668 3435 748 3492 milia
768 3433 807 3491 ad
829 3434 929 3492 lorum
949 3427 1073 3504 pamas

10 3718 106 3805 pm
