2378 3856
248 198 350 257 omn.
370 197 422 257 1v.
451 198 502 282 on
524 199 594 259 mn
614 199 687 258 ara.
711 200 747 258 11.
772 208 908 263 ns-aa.
1027 201 1067 270 tt

89 347 146 410 iliis
171 349 251 409 milis
278 356 308 408 et
337 348 457 422 placida
484 355 547 419 est,
575 355 636 406 tam
659 348 889 422 longerenrota
910 350 949 409 ab
971 352 1069 412 aliena

88 431 197 493 iniuria
218 448 310 505 quam
334 447 353 490 a
376 447 442 491 sua.
479 430 641 490 Dementes
663 430 767 506 itaque
783 439 818 490 et
840 432 937 506 ignari
959 434 1097 496 verita-2

89 517 126 576 tis
143 516 202 575 illis
219 515 358 589 inputant
376 513 532 574 saevitiam
552 513 653 586 maris,
671 514 842 575 inmodicos
858 516 981 592 imbres,
998 533 1068 592 per·

90 598 229 659 tinaciam
254 598 378 668 hiemis,
410 613 477 656 oum
502 596 621 656 interim
642 596 716 656 nihil
746 597 853 668 horum
872 616 956 674 quae
977 602 1067 661 nobis

88 689 202 742 nocent
223 688 423 757 prosuntque,
446 680 486 739 ad
504 696 562 740 nos
580 680 704 755 proprie
721 679 877 754 dirigatur.
910 685 1068 744 nonenim

87 781 147 826 nos
164 765 382 825 causamundo
400 774 507 823 sumus
524 762 652 823 hiemem
671 767 880 838 aestatemque
898 766 1067 826 referendi:

89 865 164 909 suas
187 848 244 908 ista
266 850 350 921 leges
372 847 484 907 habent
507 846 618 920 quibus
640 845 743 906 divina
760 854 949 906 exercentur.
979 849 1067 910 nimis

89 948 148 992 nos
171 930 373 1005 suspicimus,
403 930 429 988 si
453 929 535 1004 digni
562 928 652 989 nobis
681 930 819 990 videmur
839 939 965 1005 propter
988 949 1067 1005 quos

90 1023 172 1075 tanta
194 1021 381 1074 moveantur.
421 1011 494 1074 nihil
512 1028 586 1087 argo
602 1012 709 1073 horum
728 1014 758 1071 in
776 1023 909 1075 nostram
923 1015 1068 1075 iniuriam

89 1101 139 1171 fit,
162 1099 254 1159 immo
277 1105 382 1158 contra
402 1096 475 1156 nihil
496 1112 557 1155 non
579 1097 620 1155 ad
640 1098 779 1157 salutem.
819 1098 976 1172 Quaedam
997 1104 1097 1159 esses

90 1183 221 1241 diximus
241 1197 320 1255 quae
340 1195 452 1240 nocere
470 1197 530 1240 non
550 1180 678 1254 possint,
698 1181 849 1255 quaedam
868 1197 947 1256 quae
961 1183 1066 1243 nolint.

88 1265 121 1324 ln
143 1265 179 1324 iis
199 1271 287 1324 erunt
308 1265 379 1324 boni
398 1264 591 1337 magistratus
610 1271 816 1337 parentesque
833 1271 863 1323 el
887 1273 1065 1339 praecepto·

88 1364 139 1408 res
168 1356 198 1408 et
226 1348 360 1420 iudices,
398 1363 526 1421 quorum
554 1345 713 1419 castigatio
742 1346 787 1406 sic
813 1345 993 1421 accipienda
1020 1354 1068 1407 est

89 1432 244 1505 quomodo
269 1430 447 1504 scalpellum
473 1436 503 1489 et
524 1428 707 1489 abstinentia
728 1435 758 1489 el
780 1431 838 1489 alia
860 1446 939 1504 quae
965 1431 1066 1504 prolu—

88 1523 156 1574 tura
172 1522 324 1588 torquent.
346 1512 466 1571 Adiecti
484 1528 589 1572 sumus
607 1528 723 1586 poena:
746 1518 905 1574 succurrat
924 1529 985 1572 non
1003 1514 1096 1573 tan-t

87 1608 152 1658 tum
180 1597 253 1670 quid
283 1597 445 1670 patiamur,
475 1596 532 1654 sed
558 1596 631 1670 quid
649 1596 825 1669 fecerimus,
854 1597 885 1656 in
908 1596 1068 1657 eonsilium

87 1681 127 1739 de
149 1680 212 1740 vita
234 1688 337 1740 nostra
360 1679 524 1739 mittamur:
548 1680 574 1738 si
596 1680 688 1740 modo
710 1695 816 1740 verum
835 1679 895 1754 ipsi
915 1680 1004 1740 nobis
1023 1680 1066 1740 di·

89 1777 159 1822 cere
182 1762 382 1834 voluerimus,
405 1763 502 1836 pluris
523 1763 604 1822 litem
625 1769 760 1823 nostram
781 1762 1019 1823 aestimabimus.

150 1847 284 1906 XXVIII.
316 1845 349 1906 Si
373 1848 513 1905 volumus
543 1850 632 1919 aequi
659 1863 760 1905 rerum
789 1847 920 1906 omnium
948 1845 1093 1907 iudicesl

88 1944 175 2001 esse,
205 1929 264 1989 hoc
293 1930 420 2004 primum
443 1929 533 1988 nobis
556 1931 812 2003 persuadeamus,
841 1930 989 1990 neminem
1012 1945 1065 1988 no-

89 2020 184 2071 strum
212 2028 284 2072 esse
313 2013 380 2071 sine
408 2015 508 2087 eulpa.
546 2012 616 2071 hinc
643 2012 879 2072 enim‘maxima
899 2012 1065 2086 indignatio

88 2094 193 2155 oritur.
216 2095 319 2167 „Nihil
338 2094 490 2169 peccavi“
512 2103 542 2154 et
561 2096 661 2169 „nihil
683 2095 770 2155 leci.⁴‘
791 2097 884 2155 lrnmo
901 2095 974 2155 nihil
989 2097 1066 2154 sate·

86 2176 141 2237 ris.
165 2176 360 2251 Indignamur
382 2179 484 2252 aliqua
506 2177 711 2239 admonitione
733 2185 785 2239 aut
805 2179 988 2240 coercitione
1009 2194 1067 2238 nos

86 2259 269 2333 castigatos,
293 2277 360 2319 cum
381 2261 432 2320 illo
455 2262 524 2336 ipso
542 2269 679 2336 tempore
697 2277 874 2335 peccemus,
899 2261 990 2337 quod
1004 2261 1067 2320 adi·
1149 2327 1152 2331 ,

87 2345 185 2404 cimus
203 2344 370 2403 malefactis
390 2344 598 2418 adrogantiam
616 2353 646 2405 et
667 2346 897 2406 contumaciam.
930 2344 1004 2418 Quis
1021 2349 1095 2405 esta

87 2426 147 2487 iste
175 2427 226 2501 qui
250 2442 286 2486 se
313 2426 471 2501 profitetur
493 2428 632 2488 omnibus
654 2429 772 2502 legibus
794 2427 1010 2489 innocentem?
1036 2433 1069 2487 ut

87 2509 148 2570 lroc
170 2509 210 2570 ila
232 2510 286 2582 sit,
312 2526 402 2584 quam
425 2518 554 2584 angusta
576 2512 749 2572 innocentia
771 2519 818 2572 est
838 2513 879 2571 ad
898 2514 994 2585 legem
1013 2509 1072 2569 bo⁴

87 2609 159 2652 num
187 2599 279 2653 esset
306 2599 418 2668 quanto
434 2594 538 2652 latius
566 2595 736 2655 officiorum
762 2603 846 2669 patet
874 2610 966 2669 quam
994 2591 1068 2653 iuris

87 2677 217 2750 regular
244 2693 335 2750 quam
357 2677 450 2736 multa
471 2676 583 2751 pietas,
612 2677 801 2752 humanitas,
819 2679 1000 2746 liberalitas,
1023 2676 1068 2737 iu·

89 2759 177 2828 stitia,
201 2758 280 2818 fides
299 2759 432 2833 exigunt,
453 2775 533 2834 quae
555 2761 656 2820 omnia
678 2771 764 2822 extra
784 2761 925 2835 publicas
948 2759 1068 2819 tabulas

87 2849 181 2902 sunt?
213 2840 275 2901 Sed
296 2858 335 2900 ne
354 2843 393 2901 ad
415 2843 496 2902 illam
520 2843 643 2917 quidem
667 2844 850 2904 artissimam
877 2841 1098 2905 innocentiaed

87 2925 248 2986 lormulam
276 2930 433 2998 praestare
460 2941 517 2987 nos
540 2941 721 2999 possumus:
751 2926 810 2984 alia
837 2926 978 2999 lecimus,
1010 2924 1069 3002 alia

88 3007 306 3081 cogitavimus
334 3009 393 3067 alia
415 3007 604 3081 optavimus,
632 3009 699 3068 aliis
723 3009 867 3081 lavimus,
889 3008 920 3067 in
942 3006 1066 3081 quibus·

87 3091 158 3150 dam
180 3091 358 3151 innocentes
381 3105 503 3162 sumus,
526 3090 680 3165 quianon
703 3092 863 3151 successit.
896 3091 963 3155 Hae
984 3089 1095 3162 cogi-4
1124 3152 1127 3157 ,

87 3182 186 3234 lantes
206 3172 368 3249 aequiores
388 3171 484 3233 simus
501 3174 763 3248 delinquentibus,
786 3173 944 3232 credamus
962 3171 1064 3232 obiur-

85 3256 244 3331 gantibus:
266 3256 481 3331 utiquenobis
499 3273 538 3315 ne
553 3257 735 3330 irascamur,
757 3257 819 3330 (cui
840 3255 920 3316 enim
937 3273 1015 3327 non,
1038 3255 1065 3314 si

85 3339 177 3400 nobis
197 3344 355 3414 quoquot)
373 3340 493 3398 minime
511 3340 569 3398 dis.
590 3356 650 3399 non
669 3340 749 3399 enim
764 3339 898 3413 illorum,
921 3338 978 3398 sed
996 3339 1064 3412 lege

53 3421 56 3428 '
85 3422 274 3486 mortalitatis
287 3423 417 3496 patimur
427 3423 572 3498 quiequid
586 3423 767 3484 incommodi
778 3423 896 3484 accidit.
915 3423 955 3482 Al
966 3419 1064 3480 morbi
