2378 3856
151 215 173 278 8
194 213 326 277 alsat
343 213 638 293 catabolicos
648 216 882 281 incommotos
895 219 1013 284 BONIS
1023 223 1134 284 VlRlS

151 371 273 433 radices
292 379 323 432 ot
342 370 472 441 herbas,
493 369 617 444 quasin
639 368 835 444 repurgando
850 384 926 444 agro
948 369 1141 445 uiumpnalts

153 472 249 516 senex
263 455 377 516 vuisitt
391 454 465 529 quid
477 460 572 528 ergot
586 451 704 513 leiloior
714 459 808 525 esset,
819 452 846 513 si
857 453 887 513 in
900 461 1037 515 ventrem
1048 471 1140 516 suum

152 539 310 615 longinqui
330 538 428 598 litoris
450 537 553 611 pisces
567 544 599 598 et
614 536 775 612 peregrina
789 538 922 613 aucupia
936 545 1140 612 congererett

153 623 180 684 si
195 622 367 700 conchyliis
382 621 486 696 superi
500 628 595 697 atque
611 620 807 681 interimeris
821 621 973 697 pigritiam
987 622 1139 706 stomachi

152 706 321 768 nausiantis
343 700 497 781 erigcrctt
527 706 554 766 si
580 703 697 780 ingenti
717 721 878 780 pomomm
897 713 981 767 struo
1002 706 1142 781 cingeret

119 795 136 853 l
152 792 268 868 primae
283 792 399 851 iormae
413 790 514 861 ieras,
530 796 637 865 captas
651 790 746 851 multa
760 789 857 851 caede
870 790 1070 851 venantiumt
1091 792 1140 851 ln·

151 875 224 936 felix
240 873 439 948 astitoribus,
456 874 539 948 quod
552 872 605 948 qui
616 873 699 934 illum
710 874 940 946 damnaverunt,
955 888 1082 934 oausam
1093 874 1139 936 di·

152 968 222 1021 cent
234 959 374 1019 omnibus
386 958 523 1018 seculis?
545 958 629 1034 quod
641 956 788 1034 seculare
799 957 902 1019 anino
913 973 1028 1033 passus
1043 964 1140 1021 estse

152 1043 268 1119 patriae
279 1041 357 1117 eripi
372 1057 464 1117 quam
475 1040 533 1102 sibi
548 1041 695 1104 exiliunt
715 1041 800 1118 quod
815 1042 918 1103 Sullae
932 1040 1073 1102 dictatori
1088 1058 1140 1105 so·

152 1131 200 1188 lus
215 1125 330 1202 aliquid
350 1126 473 1201 negavit
487 1134 517 1187 et
537 1133 700 1189 revocatus
716 1142 778 1187 non
794 1134 909 1187 tantum
928 1132 1010 1186 retro
1034 1126 1140 1203 cessit,

151 1212 208 1272 sad
223 1211 344 1287 longius
361 1209 458 1285 iugitt
484 1210 659 1283 ,‚Vlderint‚
674 1209 785 1285 inquit,
800 1211 848 1271 isti
864 1226 943 1286 quos
954 1210 1074 1270 Romae
1086 1211 1138 1271 de·

151 1294 312 1370 prehendit
326 1295 454 1356 fetiditas
469 1303 530 1356 tua.
554 1294 679 1356 videant
693 1295 809 1368 largum
825 1293 855 1355 in
872 1296 940 1355 ioro
955 1293 1139 1369 sanguinem

151 1388 182 1440 et
196 1396 292 1455 supra
307 1379 509 1439 Servilianum
523 1381 624 1440 lacum
637 1378 683 1454 (id
693 1378 774 1439 enim
788 1378 1023 1455 proscriptionis
1038 1376 1139 1439 Sulla·

151 1481 210 1523 nae
223 1462 405 1538 spoliarium
419 1469 480 1535 est)
503 1469 680 1523 senatorum
694 1459 795 1538 capita
815 1470 846 1524 at
865 1461 981 1538 passim
997 1462 1140 1538 vagantis

151 1546 325 1622 perurbana
341 1561 559 1621 percussorum
573 1561 685 1621 greges
700 1552 730 1606 et
749 1547 844 1607 multa
856 1546 938 1607 milia
953 1544 1066 1609 civium
1076 1548 1139 1609 Ro·

151 1646 309 1691 manorum
323 1646 386 1690 uno
399 1631 468 1689 loco
482 1637 553 1705 post
566 1629 674 1702 iidem,
688 1629 782 1689 immo
793 1645 849 1704 per
861 1629 958 1707 ipsam
971 1630 1066 1691 iidem
1076 1639 1140 1693 tru-

119 1715 261 1775 eoidats.
285 1713 409 1773 videant
420 1711 480 1773 ista
492 1713 544 1788 qui
555 1713 680 1773 exulare
692 1729 754 1773 non
766 1722 928 1788 possunt.“
953 1714 1032 1788 Quid
1043 1723 1140 1792 ergot

153 1798 226 1858 lelix
241 1805 289 1858 est
302 1798 335 1858 L.
352 1795 452 1871 Sulla,
474 1796 559 1872 quod
579 1795 621 1857 illi
639 1796 838 1858 descendenti
859 1800 899 1859 ad
920 1799 1018 1859 iorum
1034 1800 1140 1874 gladio

152 1880 364 1954 submovetur,
388 1882 471 1955 quod
487 1881 588 1956 capita
608 1878 666 1941 sibi
682 1881 889 1943 consularium
908 1883 1044 1943 virorum
1060 1884 1139 1958 pati·

153 1974 201 2026 tur
214 1965 336 2026 ostendi
357 1969 388 2023 et
407 1965 538 2039 pretium
553 1963 659 2025 caedis
681 1980 737 2040 per
753 1975 948 2040 quaestorem
965 1982 1002 2027 ac
1017 1967 1139 2031 tabulas

151 2047 291 2123 publicas
306 2055 465 2109 numerati
485 2048 606 2109 ethaeo
621 2048 723 2108 omnia
737 2050 810 2112 iacit
824 2050 889 2125 illc,
903 2050 953 2111 ille
970 2051 1022 2125 qui
1037 2051 1139 2126 legem

118 2138 136 2191 9
151 2132 321 2192 Corneliam
334 2132 409 2192 tulit
445 2131 615 2194 Veniamus
630 2133 670 2194 ad
681 2134 848 2209 Regulumz
871 2135 944 2210 quid
959 2134 1000 2194 iili
1016 2136 1141 2197 lortuoa

150 2213 263 2288 nocuit,
280 2217 363 2292 quod
375 2217 458 2277 illurn
470 2219 688 2279 documentum
699 2218 781 2293 fidei,
793 2219 1009 2281 documentum
1020 2219 1139 2292 patien-

150 2301 211 2361 tiae
231 2302 323 2362 iecitt
354 2301 465 2378 Figunt
485 2311 585 2364 cutem
608 2303 687 2363 olavi
710 2310 740 2363 et
762 2316 958 2378 quocumque
978 2302 1139 2375 fatigatum

151 2401 264 2462 corpus
276 2386 448 2461 reclinavit,
467 2387 584 2449 volneri
596 2386 755 2458 incumbit,
767 2387 798 2446 in
810 2393 989 2462 perpetuam
1001 2385 1140 2459 vigiliam

150 2485 305 2544 suspensa
315 2471 524 2531 suntlumina=
541 2471 736 2547 quantoplus
748 2469 984 2529 tormentitanto
997 2468 1070 2542 plus
1083 2473 1141 2532 erit

149 2552 274 2626 gloriae.
307 2552 365 2610 Vis
385 2552 465 2612 scira
482 2569 572 2627 quam
593 2568 665 2613 non.
679 2552 833 2627 poeniteat
853 2551 913 2612 hoc
931 2552 1029 2626 pretio
1045 2556 1140 2617 aesti-

150 2650 253 2696 masse
261 2633 425 2694 virtutem?
443 2636 538 2695 refice
548 2636 631 2695 illum
642 2640 673 2695 et
682 2635 766 2694 mitte
776 2635 806 2693 in
818 2641 973 2697 senatum=
995 2639 1140 2701 eamdam

110 2718 331 2780 rosententiam
345 2718 435 2778 dicet.
467 2719 647 2779 Feliciorem
666 2733 740 2792 ergo
762 2725 794 2778 tu
807 2717 1014 2780 Maecenatem
1034 2729 1139 2799 putas,
1176 2754 1179 2765 ·

150 2804 199 2864 oui
214 2802 371 2863 amoribus
386 2803 478 2863 anxio
501 2809 695 2873 ctnmorosae
714 2802 821 2863 uxoris
837 2801 990 2865 cotidiana
1003 2808 1140 2879 repudia

149 2885 275 2948 deflenti
290 2901 418 2947 somnus
433 2902 491 2962 per
505 2885 759 2962 symphoniarum
775 2893 894 2948 cantum
909 2904 949 2948 ex
963 2888 1139 2966 longinqua

148 2972 217 3032 lenc
230 2971 442 3032 resonantium
457 2970 634 3045 quaeritant
654 2985 739 3031 mero
752 2987 786 3031 se
799 2972 869 3032 licet
883 2971 1026 3048 sopiatet
1037 2988 1139 3049 aqua·

146 3071 213 3114 rum
225 3053 397 3128 fragoribus
409 3060 559 3114 avocetct
570 3053 640 3113 mile
651 3055 858 3130 voluptatibus
869 3063 1001 3117 mentem
1010 3058 1138 3121 anxiam

147 3138 245 3209 fallat,
268 3145 329 3197 tam
345 3137 480 3212 vigilabit
498 3136 529 3196 in
544 3139 647 3212 pluma
663 3155 754 3213 qaam
769 3139 820 3200 ille
834 3141 864 3200 in
881 3155 987 3201 cruces
1015 3140 1074 3201 sed
1092 3141 1140 3205 iili

147 3221 289 3282 solatium
303 3228 351 3282 est
365 3237 421 3296 pro
436 3221 566 3282 lnonasto
582 3221 660 3282 dura
671 3223 843 3287 tolerarect
857 3224 898 3284 ad
909 3238 1036 3284 causam
1046 3239 1067 3285 u
1078 3241 1139 3301 pa-

145 3306 251 3366 tientia
270 3304 413 3380 respicit‚·
433 3305 515 3366 hunc
530 3306 737 3380 voluptatibus
752 3309 920 3369 marcidum
941 3314 972 3368 et
988 3306 1139 3373 felicitate

145 3389 239 3451 nimia
252 3390 441 3452 laborantem
455 3389 553 3466 magis
567 3389 616 3450 his
631 3407 711 3466 quae
724 3391 848 3467 patitur,
863 3398 956 3453 vexat
969 3406 1067 3455 causa
1077 3409 1137 3469 pa·

104 3483 137 3536 11
146 3473 250 3534 tiendi,
288 3473 356 3535 Non
376 3490 476 3550 usque
498 3490 536 3535 eo
556 3474 585 3534 in
606 3475 842 3550 possessionem
862 3475 985 3552 generis
1004 3473 1137 3540 humani
