2378 3856
113 184 176 250 25⁰
297 186 332 247 L.
356 184 501 246 ANNAEI
522 184 699 247 SENECAE
718 184 821 247 DlAL.
840 186 906 249 llll.
938 220 942 225 ·

113 357 207 417 mum,
224 356 286 401 uon
298 339 396 413 magis
409 353 499 412 quam
510 339 592 398 ullus
604 336 738 398 sufficiet
747 338 856 399 bumor
865 338 908 399 ad
917 340 1092 403 sadmdum

113 441 198 497 eum,
221 422 309 484 cuius
331 421 519 482 desiderium
540 437 602 482 non
619 437 659 481 ex
673 419 792 497 inopia,
814 422 872 482 sed
886 436 928 483 ax
940 431 1031 485 aestu
1044 440 1091 486 ar·

114 508 248 569 dentium
263 507 418 566 viscerum
433 506 537 566 oritur.
560 520 621 565 non
635 503 717 564 enim
730 504 796 565 sitis
811 505 877 580 illa,
894 506 955 567 sed
964 508 1090 571 morbus

46 602 51 611 ·
84 594 170 651 lest.
204 591 279 650 Nec
300 589 428 649 hocin
449 589 777 664 pecuniatantum
802 594 869 651 aut
893 589 1093 653 alimentis

114 674 259 734 evenit=
288 672 420 732 eadem
444 680 583 733 natura
605 679 666 732 est
689 673 725 730 in
750 671 852 732 omni
872 670 1089 751 desiderio,

115 758 217 833 quod
238 756 349 817 modo
369 772 444 816 non
465 771 513 815 ex
533 752 682 830 inopia,
704 754 947 817 sadaxvitio
962 758 1088 820 nasci·

114 848 184 902 tur.
216 840 365 915 quicquid
381 838 423 897 illi
438 840 650 913 congesseris,
670 852 734 898 non
748 836 819 900 finis
832 840 890 899 crit
900 839 1088 917 cupiditatis,

114 925 171 984 sed
192 923 318 999 gradus.
360 920 417 995 Qui
438 920 605 982 continebit
628 923 732 997 itaque
756 937 793 982 se
817 923 897 983 intra
921 924 1088 987 autumem

114 1007 253 1079 modum,
274 1011 486 1080 paupertatem
500 1005 698 1066 nousentieta
721 1006 774 1082 qui
786 1005 956 1067 naturalem
967 1008 1086 1070 modum

114 1089 249 1162 excedit,
270 1103 339 1149 eum
353 1088 384 1148 in
399 1089 525 1149 summis
537 1104 663 1164 quoque
673 1090 786 1165 opibus
798 1097 969 1165 pauperies
979 1106 1086 1169 seque-

113 1180 170 1232 tur.
204 1172 396 1234 Necessariis
416 1173 510 1233 rebus
532 1181 563 1234 et
582 1172 673 1232 exilia
693 1172 865 1245 sufficiunt,
879 1174 1085 1250 supervacuis

86 1254 172 1318 5nec
194 1271 299 1332 regna.
334 1256 464 1317 Animus
486 1263 549 1329 est,
574 1258 625 1332 qui
646 1256 758 1318 divites
777 1257 858 1317 iacit
885 1256 938 1316 lrlc
952 1258 984 1318 in
1001 1259 1085 1320 exilit

114 1342 253 1416 sequitur
274 1347 304 1400 et
330 1341 361 1400 in
380 1339 596 1401 solitudinibus
620 1341 814 1414 asperrimis,
843 1356 915 1401 cum
943 1350 1083 1417 quantum

115 1425 190 1485 satIs
205 1432 252 1484 est
263 1423 444 1485 sustinendo
456 1424 579 1500 corpori
591 1422 720 1498 invenit,
735 1425 804 1499 ipse
813 1424 905 1484 bonis
916 1425 986 1486 suis
996 1426 1083 1487 abnn-

115 1509 167 1567 dat
180 1514 210 1566 et
224 1508 344 1568 fruitura
367 1507 503 1582 pecunia
511 1509 551 1568 ad
562 1508 695 1568 animum
706 1507 779 1567 nibil
791 1508 939 1583 pertinet,
955 1524 1083 1570 nonme

115 1591 162 1665 gis
185 1606 276 1665 quam
297 1593 337 1651 ad
359 1591 437 1652 deos
458 1591 634 1652 inmortales
655 1589 757 1652 omnia
771 1591 843 1664 ista,
864 1606 948 1666 quae
961 1584 1084 1670 rapula

86 1673 237 1748 oingcnia
258 1682 289 1734 et
308 1675 396 1734 nimis
419 1674 601 1749 corporibus
623 1675 689 1734 suis
703 1674 826 1734 addicta
840 1675 1026 1751 suspiciunt
1045 1678 1082 1736 la·

115 1758 219 1833 pides,
241 1774 361 1831 aurum,
384 1765 543 1833 argentum
559 1766 588 1817 et
608 1757 710 1832 magni
728 1757 900 1832 laenatique
914 1774 1082 1821 mensarum

116 1840 207 1900 orbes
227 1847 349 1899 terrena
364 1848 435 1900 sunt
451 1841 603 1915 pondera,
619 1856 700 1916 quae
714 1857 775 1902 non
793 1848 896 1915 potest
910 1858 1016 1903 amare
1026 1841 1082 1903 siu·

116 1938 205 1983 cerus
218 1924 337 1983 animus
351 1939 388 1983 aa
402 1932 528 1983 naturae
543 1940 618 1983 suae
632 1941 763 1998 memor,
781 1925 859 1984 levis
873 1925 959 2001 ipse,
975 1941 1083 2002 expers

116 2013 146 2066 et
169 2007 354 2081 quandoque
380 2006 513 2067 emissus
540 2007 650 2081 luerit,
679 2008 720 2068 ad
744 2023 864 2068 summa
887 2009 1083 2071 emicaturus
1125 2016 1128 2023 '

116 2090 232 2150 interim
249 2098 393 2165 quantum
414 2107 471 2167 per
484 2107 586 2151 moras
602 2092 806 2154 membrorum
819 2097 851 2151 et
864 2090 946 2153 banc
960 2094 1083 2155 aucum

115 2174 212 2233 lusam
228 2190 352 2249 gravem
367 2174 518 2235 sarcinam
533 2175 618 2247 licet,
633 2176 724 2234 celeri
734 2183 765 2236 et
776 2174 894 2236 volucri
904 2177 1083 2253 cogitatione

86 2256 218 2317 'ldivina
238 2260 409 2333 perlustrat.
446 2259 580 2334 ideoque
599 2273 656 2318 nec
675 2260 800 2318 exulare
819 2274 968 2333 umquam
990 2264 1085 2336 potest

115 2340 191 2400 liber
212 2349 241 2401 et
261 2344 308 2402 dis
331 2348 480 2416 cognatus
500 2350 530 2402 et
544 2342 626 2401 omni
640 2342 753 2403 mundo
769 2342 915 2418 omnique
928 2357 1010 2406 aevo
1023 2358 1087 2421 pan

115 2439 183 2483 nam
205 2425 349 2499 cogitatio
371 2426 437 2486 oius
458 2427 540 2484 circa
560 2441 650 2485 omne
672 2427 791 2487 coelum
804 2432 835 2485 et
848 2425 990 2489 in-ourne
1001 2436 1082 2505 prat·

114 2506 234 2567 teritum
250 2509 446 2583 tutorumque
460 2514 581 2584 tempus
593 2507 758 2569 inmittitur.
786 2510 1009 2591 corpusculum
1017 2510 1082 2582 bot,

116 2589 257 2649 custodia
277 2598 307 2649 ct
327 2592 480 2650 vinculum
496 2592 601 2663 animi,
625 2592 685 2653 huc
699 2598 792 2666 atque
808 2592 880 2654 illuc
893 2593 1033 2656 iactatur.
1055 2592 1084 2653 ia

115 2671 176 2730 hoc
195 2673 362 2750 supplicia,
383 2675 414 2733 in
435 2673 493 2734 boc
516 2674 688 2746 latrocinia,
709 2675 740 2735 in
756 2675 815 2755 hoo
828 2676 928 2737 morbi
941 2690 1084 2739 exercen-

115 2761 178 2815 tur:
198 2757 320 2816 'animus
336 2757 460 2831 quidem
474 2755 542 2832 ipse
558 2773 647 2818 sacer
660 2765 691 2818 et
704 2766 847 2820 aeternus
860 2766 955 2821 estet
966 2762 1016 2823 cul
1026 2774 1084 2821 non

115 2839 215 2921 possit
230 2840 300 2900 inici
316 2856 435 2901 manus.

87 2934 102 2983 1
177 2924 240 2983 llll.
272 2924 323 2984 Ne
350 2924 405 2984 m'e
430 2930 543 3000 putes
564 2926 609 2985 ad
630 2926 825 2986 elevanda
846 2926 1086 2988 incommoda

116 3007 382 3087 paupertatis,
412 3025 520 3084 quam
544 3023 651 3069 nomo
670 3022 825 3083 gravam
847 3006 985 3086 sentit,
1012 3008 1086 3071 nisi

117 3091 179 3162 qui
209 3097 331 3163 putat,
361 3091 414 3151 uti
442 3098 586 3152 tantu-m
609 3092 834 3168 praeceptis
856 3094 1086 3169 sapientum.

115 3171 245 3230 Primum
261 3172 403 3248 adspice,
427 3182 541 3249 quanto
555 3175 652 3235 maior
666 3180 739 3249 pars
752 3177 793 3235 sit
806 3192 994 3252 pauperum,
1008 3190 1086 3257 quos

115 3254 208 3316 nihilo
230 3258 350 3317 notabis
367 3258 516 3318 tristiores
536 3258 794 3334 sollicitioresque
808 3258 970 3321 divitibus:
996 3261 1086 3321 immo

116 3340 220 3400 nescio
241 3357 279 3400 an
294 3355 331 3401 eo
346 3341 487 3401 laetiores
502 3342 577 3414 sint,
601 3342 685 3416 quod
699 3343 818 3404 animus
832 3343 952 3404 illorum
966 3344 997 3405 in
1013 3360 1087 3420 pau·

87 3422 198 3482 tciora
219 3423 416 3497 distringitur.
451 3423 655 3485 Transeamus
670 3427 885 3503 opccpcrilno
897 3436 980 3490 nunc
993 3434 1088 3489 etve-
