2378 3856
353 472 386 551 lx.
408 468 548 552 tunm!
569 467 740 550 nullutn

215 617 583 717 llllltthilRUM
613 617 785 712 tttttttt
814 616 880 711 tlt.

433 807 478 857 AD
494 805 653 858 NOVATUM

413 923 491 990 un
553 923 683 990 tnt

485 1041 619 1094 ament.

127 1298 149 1355 1.
177 1259 322 1372 Exegisti
336 1312 355 1355 a
370 1311 433 1368 me,
453 1295 584 1368 Nouate,
606 1302 639 1354 ut
660 1293 825 1356 scriberem
847 1297 1071 1371 quemadmor

64 1381 137 1441 dum
160 1386 270 1456 posset
294 1379 338 1439 ira
363 1377 466 1451 leniri,
498 1393 556 1438 nec
575 1377 714 1439 inmerito
734 1378 807 1438 mihi
827 1379 942 1440 videris
963 1379 1044 1442 hunc

62 1465 230 1539 praecipue
245 1463 397 1522 adlectum
417 1459 611 1543 pertimuisse
634 1462 765 1522 maxime
785 1478 825 1523 ex
845 1462 986 1525 omnibus
1000 1471 1043 1525 te-

62 1556 143 1608 trum
158 1562 194 1606 ac
209 1544 358 1606 rabidum.
394 1545 504 1604 ceteris
525 1545 604 1604 enim
624 1545 747 1628 aliquid,
761 1546 855 1621 quieti
869 1548 1043 1624 placidique

63 1630 159 1704 inest,
174 1629 224 1690 hic
238 1635 320 1690 totus
336 1628 505 1690 concitatus
522 1628 598 1689 etin
613 1629 719 1706 inpetu
733 1639 782 1691 est
796 1631 928 1704 doloris,
944 1647 1042 1691 armo-

63 1731 145 1788 rum,
161 1713 333 1788 sanguinis,
349 1712 570 1787 suppliciorum
590 1714 711 1773 minime
724 1713 857 1775 humana
872 1716 976 1774 lurens
992 1731 1042 1774 cu-

62 1798 204 1872 piditate,
226 1798 298 1856 dum
313 1796 400 1856 alteri
414 1802 532 1867 noceat,
548 1796 576 1855 si
591 1799 772 1871 neglegens,
788 1799 819 1856 in
833 1795 903 1873 ipsa
917 1799 1042 1863 inruens

62 1882 124 1941 tela
138 1887 168 1938 ct
182 1880 305 1940 ultioms
320 1896 426 1941 secum
450 1881 576 1941 ultorem
591 1887 743 1940 tracturae
758 1881 877 1942 avidus.
915 1881 1071 1955 Quidamr

62 1963 168 2038 itaque
188 1978 227 2022 ex
248 1962 439 2037 sapientibus
458 1963 532 2023 viris
553 1961 629 2024 iram
651 1964 794 2024 dixerunt
808 1965 939 2025 'brevem
960 1966 1041 2026 insa·

62 2046 155 2104 niam.
177 2061 276 2120 aeque
295 2044 375 2105 enim
390 2047 532 2120 inpotens
548 2046 596 2106 sui
611 2053 667 2121 est,
682 2046 803 2107 decoris
820 2048 921 2123 oblita,
937 2063 1043 2108 neces-

63 2127 229 2189 situdinum
248 2130 410 2200 inmemor,
432 2129 463 2188 in
484 2128 569 2204 quod
590 2129 693 2204 coepit
712 2132 850 2204 pertinax
871 2138 902 2190 et
920 2131 1043 2204 intenta,

61 2211 173 2272 rationi
188 2211 386 2286 consiliisque
400 2213 572 2286 praeclusa,
586 2212 674 2271 vanis
690 2213 802 2286 agitata
816 2213 927 2284 causis,
943 2213 983 2272 ad
998 2213 1042 2271 di-

62 2301 203 2372 spectum
228 2292 327 2370 aequi·
345 2295 474 2367 verique
491 2294 647 2368 inhabilis,
668 2295 764 2354 ruinis
780 2294 944 2367 simillima,
962 2309 1042 2369 quae

62 2395 158 2462 super
179 2376 212 2439 id
240 2378 324 2454 quod
349 2392 535 2454 oppressere
556 2378 743 2454 franguntur.
779 2378 819 2438 Ut
840 2378 921 2437 scius
943 2385 1071 2442 autema

62 2480 125 2526 non
137 2478 209 2524 esse
224 2479 318 2524 sanos
335 2477 414 2539 quos
430 2461 475 2521 ina
489 2461 644 2536 possedit,
660 2460 762 2536 ipsum
773 2459 894 2521 illorum
909 2461 1043 2521 habitum

62 2548 190 2608 intuere.
224 2563 294 2607 nam
315 2553 349 2607 ut
369 2544 529 2606 furentium
547 2551 631 2605 certa
649 2543 761 2604 indicia
779 2551 864 2618 sunt,
891 2544 993 2604 audax
1014 2555 1044 2606 ct

61 2629 166 2690 minax
178 2632 297 2704 voltus,
317 2629 413 2691 tristis
434 2629 534 2704 frons,
555 2636 643 2689 torva
663 2628 772 2704 iacies,
793 2629 902 2688 citatus
918 2629 1042 2704 gradus,

61 2713 217 2790 inquietae
243 2729 368 2786 manus,
395 2714 621 2784 colorversus‚
647 2711 755 2771 crebra
779 2718 809 2772 ct
832 2711 1042 2771 vehementius

61 2802 131 2858 acta
146 2795 294 2870 suspiria,
310 2794 352 2856 ita
366 2795 563 2855 irascentium
576 2795 683 2854 eadem
698 2796 786 2869 signa
797 2801 881 2855 sunt:
913 2795 1070 2867 flagrauit

62 2898 100 2941 ac
125 2879 238 2941 micant
261 2878 356 2952 oculi,
380 2881 492 2939 multus
512 2894 566 2937 ore
587 2885 650 2937 toto
671 2877 765 2937 rubor
785 2883 984 2936 exaestuante
1004 2876 1041 2936 ab

61 2965 131 3025 imis
146 2962 335 3041 praecordiis
350 2961 508 3036 sanguine.
542 2960 627 3020 labra
642 2960 830 3036 quatiuntur,
846 2960 954 3019 dentes
970 2975 1041 3019 con·

61 3049 240 3125 pumuntur,
255 3045 381 3106 horrent
394 3060 429 3104 ao
444 3044 640 3119 subriguntur
654 3042 764 3118 capilli,
778 3041 903 3118 spiritus
916 3049 1041 3125 coactus

63 3148 100 3193 ao
116 3131 264 3205 stridens,
279 3128 473 3190 articulorum
487 3144 522 3188 se
537 3128 624 3203 ipsos
639 3126 844 3202 torquentium
861 3142 972 3199 sonus,
988 3142 1040 3201 ge-

64 3216 154 3276 mitus
177 3214 373 3288 mugitusque
398 3218 429 3271 et
453 3227 562 3286 parum
588 3211 759 3285 explanatis
784 3210 914 3271 vocibus
939 3226 1040 3270 sermo

64 3305 249 3374 praeruptus
264 3305 294 3358 et
308 3296 476 3373 conplosae
490 3295 615 3371 saepius
630 3310 737 3354 manus
753 3301 783 3354 et
797 3295 918 3369 pulsata
930 3293 1041 3352 humus

63 3381 195 3457 pedibus
210 3389 241 3441 et
253 3389 350 3441 totum
364 3379 516 3440 concitum
531 3393 645 3453 corpus
660 3392 851 3451 magnasque
859 3378 928 3496 *irae
943 3374 1041 3433 minas
