2378 3856
91 220 135 258 vm
480 204 709 255 PRAEFATIO.

89 344 213 394 omittere.
250 341 313 392 lbid.
329 339 413 404 old,
429 339 454 391 3.
472 341 542 403 quod
558 355 589 390 ex
608 341 702 391 vibar
720 339 769 390 leel
786 343 935 402 videbar,
955 343 1023 392 facili

89 421 127 463 eat
144 420 169 462 et
183 410 316 476 aptiaeime
333 408 461 475 eiguidcet
474 410 501 460 id
516 409 548 458 de
565 424 616 472 quo
629 411 726 474 egitur,
744 410 899 461 Cremutium
910 409 1017 461 (lordum

88 481 230 533 voluntaria
249 478 427 544 comprobante
446 492 497 528 nou
515 477 607 527 faloam
625 477 706 530 luieae
720 478 851 530 bominum
869 481 1027 545 opinionem,

89 553 136 600 bna
151 548 286 599 ridebatur
300 561 393 612 magno
407 547 492 597 animo
506 548 641 611 acripoiaae
655 547 783 598 historiae.
818 547 939 599 Similiter
955 551 1027 599 etiam

89 618 202 681 correxi,
226 616 306 667 velati
328 616 360 666 de
374 614 470 666 Bened.
480 615 524 676 IV,
541 614 574 676 d,
594 617 617 666 l.
637 616 780 667 solidum
798 619 911 669 acribena
928 633 975 682 pro
992 633 1022 667 eo

88 687 219 753 vulgatum
237 691 276 735 eet
292 685 412 750 aolum,
430 693 455 734 et
470 686 496 735 iu
510 685 567 734 Nat.
583 685 696 744 Quaerit.
707 686 726 749 l,
739 688 765 749 2,
783 688 807 736 7.
825 688 887 737 eieci
902 687 1027 753 glossam,

88 756 125 806 lee
145 756 172 804 in
195 753 239 804 iilo
257 768 333 819 opere
351 753 490 819 permultae
508 762 581 813 aunt,
605 755 778 814 exturbat,
803 762 828 804 et
843 758 928 820 recepi
945 758 1027 821 optim

88 826 241 889 scripturam
256 838 294 874 ex
311 839 344 872 eo
363 823 528 886 trahatur,
548 823 598 871 nial
614 822 683 886 quod
700 822 895 874 travehatur
910 827 1012 889 acripei.

159 891 210 944 Sed
230 893 262 942 de
284 891 399 942 codicum
418 892 519 943 illorum
540 899 566 941 ct
586 893 742 956 praestantia
759 901 783 942 et
800 895 869 943 vitiis
888 893 961 959 plura
979 908 1027 941 nun

87 976 181 1028 ponere
202 961 308 1026 longum
331 968 376 1010 eat.
403 976 512 1024 quorum
530 961 623 1012 virtute
644 962 693 1010 etei
714 959 818 1026 plurimi
842 962 891 1012 loci
909 963 1020 1012 restituti

87 1037 183 1081 restant
197 1038 281 1080 tamen
298 1026 369 1080 baud
383 1031 472 1095 pauci,
490 1031 534 1092 qui
547 1027 689 1080 feliciorem
702 1030 854 1080 medicinam
871 1031 1017 1081 desiderant

87 1114 139 1163 qua
154 1114 203 1166 ego
218 1112 281 1149 aaut
296 1112 361 1151 eum.
394 1098 482 1163 Neque
496 1099 562 1149 euim
581 1099 617 1147 ita
633 1097 696 1150 mihi
710 1098 811 1165 placeo,
829 1108 856 1149 ut
867 1101 1026 1150 coniecturae

86 1171 161 1219 unice
179 1167 323 1233 probandae
341 1175 442 1233 putem,
466 1169 531 1218 inter
548 1180 612 1230 quaa
634 1173 693 1217 eunt
714 1169 803 1231 etiam,
828 1183 890 1230 quae
907 1184 956 1217 non
979 1168 1027 1217 elia

52 1265 58 1278 ·
87 1251 191 1288 caueam
212 1234 287 1287 intuli
306 1251 383 1299 quam
403 1237 463 1301 quia
485 1236 583 1298 aliquid
601 1243 668 1287 certa
685 1237 829 1301 ponendum
851 1245 905 1287 erat
924 1237 1027 1299 qualecn

87 1307 114 1357 id
135 1313 216 1366 ercet,
241 1320 323 1368 neque
345 1306 465 1357 editionis
486 1305 563 1355 buius
585 1304 691 1355 couaillo
703 1306 841 1355 >cunicula
857 1307 1008 1363 arbitrabar,

86 1389 163 1441 aaepe
180 1374 254 1425 verba
270 1381 389 1439 corrupta
406 1375 512 1424 retinere
529 1382 553 1423 et
569 1374 665 1424 crebrie
680 1371 810 1423 stellarum
826 1376 907 1441 signis
925 1374 1027 1424 lectoren

87 1452 192 1502 terrere3
212 1444 268 1493 cavi
282 1450 366 1492 tamen
381 1442 472 1494 litterle
486 1442 625 1499 inclinatio,
641 1457 673 1493 ne
688 1442 751 1493 certi
764 1451 788 1493 et
804 1444 895 1509 integri
911 1452 1027 1508 putentur

87 1513 131 1576 qui
145 1511 298 1563 coniecturia
313 1511 418 1562 comeotl
430 1521 504 1571 aunt3
522 1512 664 1574 itemquae
680 1512 737 1577 ipae
755 1513 931 1578 anpplementa
949 1514 974 1561 in
993 1513 1027 1562 lot

87 1581 189 1631 cunoaia
203 1580 303 1640 adieci,
323 1580 355 1630 de
373 1580 464 1643 quibua
479 1580 546 1630 idem
564 1594 631 1629 nuno
645 1580 740 1630 dictum
758 1580 829 1640 volo,
847 1582 916 1643 quod
934 1582 960 1629 in
975 1596 1027 1645 prae

86 1650 211 1700 vellelum
226 1647 385 1700 Paterculum
403 1662 419 1698 a
436 1663 478 1698 mo
493 1649 589 1699 editum
607 1648 677 1708 dixi,
701 1649 774 1698 uncia
793 1648 889 1698 inclusa
907 1650 1027 1711 litterisqr

87 1719 185 1769 clinatia
203 1719 330 1783 descripta
346 1726 417 1776 aunt3
437 1727 523 1768 contra
539 1731 605 1780 qnae
621 1716 764 1767 abiicienda
779 1719 853 1767 uncie
869 1718 1000 1784 significo,
1024 1738 1027 1764 t

86 1789 133 1838 etia
150 1787 241 1838 litteris
257 1787 422 1852 exprimenda
439 1788 536 1836 curavi.
573 1784 782 1850 Tranepoaltione
799 1787 844 1836 ubi
857 1801 919 1836 uana
932 1803 1001 1845 aum,
1023 1789 1027 1835 i

86 1856 171 1907 locum
188 1855 372 1920 tranopoeitum
390 1856 422 1906 ab
439 1856 511 1906 initio
527 1862 552 1904 et
567 1855 594 1904 in
609 1853 659 1903 dne
678 1854 760 1903 crucia
774 1853 856 1920 figura
874 1857 988 1921 signavi,
1011 1857 1027 1904 il

85 1938 150 1990 tem,
169 1925 237 1975 uude
255 1926 278 1973 it
293 1925 464 1990 transpositus
481 1931 534 1983 eat,
553 1937 654 1973 crucem
673 1921 801 1987 duplicem
817 1926 900 1988 poeni.

101 1993 196 2112 unldd
208 1994 414 2059 Epigrammata,
432 2007 498 2056 quae
511 2007 527 2041 a
539 1991 655 2041 Fickerto
669 1992 781 2041 nondum
796 1993 865 2043 edita
878 2001 950 2053 sunt,
970 1993 1025 2043 nihl

85 2079 100 2111 a
137 2063 172 2111 'li
190 2062 278 2114 hebui.

154 2131 255 2183 Ludum
268 2146 318 2181 non
334 2145 412 2181 auoue
428 2143 485 2179 oum
501 2129 534 2178 ad
549 2128 620 2178 eoloa
635 2129 736 2179 codices
753 2130 942 2179 vetustissimos
957 2128 1027 2195 Sang

85 2215 140 2250 aem
158 2208 183 2250 et
199 2200 420 2250 Valentianeuocm
438 2211 583 2256 recensere,
607 2199 758 2262 praesertim
776 2213 832 2249 eum
849 2198 880 2247 de
898 2198 967 2247 illius
982 2204 1027 2247 ecr]

85 2268 236 2333 aliquotiens
263 2283 314 2319 non
335 2275 447 2327 conetet;
474 2267 597 2332 pertinuit
611 2273 696 2316 autem
715 2267 841 2318 dubitatio
859 2283 917 2317 mea
933 2282 983 2315 non
1001 2275 1027 2316 ta

85 2340 161 2390 rerba
177 2338 280 2405 cingula
295 2353 371 2401 quam
388 2336 422 2388 ad
437 2343 503 2386 lotoe
518 2335 604 2401 locor,
623 2336 666 2399 qui
684 2335 734 2386 illio
752 2337 858 2394 deaunt3
883 2351 933 2397 qua
950 2335 976 2382 in
992 2351 1021 2383 re

85 2409 171 2458 media
185 2407 230 2458 illa
247 2409 291 2459 ria
309 2406 425 2472 ingredi,
449 2420 525 2469 quam
541 2404 671 2455 Fickertua
689 2405 781 2471 elegit,
798 2406 842 2468 qui
857 2418 915 2452 cum
934 2401 1027 2463 plurim

85 2476 135 2526 illia
150 2476 287 2534 obiiceret,
312 2474 376 2525 alioe
393 2483 477 2525 tamen
495 2475 609 2533 retinuit;
635 2474 731 2525 scilicet
751 2473 863 2523 nondum
880 2468 1027 2533 exploratur

85 2559 151 2609 quae
169 2544 203 2593 eit
227 2557 315 2593 eorum
337 2543 409 2608 origo
426 2550 451 2592 et
472 2544 539 2593 eitne
553 2543 667 2593 omnium
685 2542 788 2602 eadem,
814 2554 846 2590 an
866 2537 1025 2589 habeantne

85 2614 181 2664 iontem
204 2611 381 2672 vetustiorem
407 2626 484 2676 quare
503 2611 623 2675 quoniam
640 2616 722 2659 tutum
744 2622 794 2658 non
812 2614 865 2657 erat
880 2621 966 2656 omnea
986 2609 1027 2659 abi

85 2684 165 2732 satine
194 2681 278 2730 vicum
304 2688 343 2731 eat
368 2681 463 2746 pariter
488 2694 575 2731 omnes
599 2679 709 2727 retinere
730 2677 803 2726 uncia
830 2676 958 2735 inclusos,
989 2694 1027 2740 qn

85 2749 218 2817 probabile
238 2754 284 2809 ait,
306 2764 350 2801 eoa
370 2750 435 2800 nihil
452 2748 522 2799 allud
536 2763 594 2798 caue
609 2747 659 2795 aiei
675 2743 852 2810 anpplementa
868 2746 1020 2802 Nodotienie

86 2822 135 2881 lia,
151 2819 239 2870 occulo
254 2817 302 2868 XV
319 2819 447 2878 coniecta,
472 2833 538 2880 quac
559 2818 584 2866 in
602 2814 693 2879 paucio
714 2813 784 2865 baud
805 2815 903 2866 inllceta
921 2809 1019 2865 iu'dices

87 2890 222 2940 maximam
237 2895 335 2955 partem
351 2888 448 2956 frigida
462 2892 487 2937 ct
502 2885 558 2934 eine
573 2883 665 2933 idonea
680 2897 759 2933 cauea
777 2884 890 2937 conficta.

154 2956 365 3024 Orthograpbiam
383 2956 502 3021 quoniam
522 2967 570 3018 pur
586 2960 625 3002 est
639 2953 671 3001 ab
687 2967 718 3002 eo
736 2955 867 3013 conatitni,
888 2953 931 3016 qui
948 2951 1027 3001 libros

85 3029 140 3093 ipsc
152 3029 282 3089 tractavit,
300 3025 376 3077 talem
390 3022 562 3085 fererellqul‚
581 3020 681 3084 qualem
696 3021 826 3072 Fickertus
842 3037 899 3072 esse
911 3021 1000 3080 voluit,
1018 3038 1027 3084 e

85 3110 159 3159 quam
176 3104 246 3146 erant
263 3098 289 3146 in
307 3110 351 3156 ea,
373 3109 439 3158 quae
454 3106 505 3142 non
517 3090 669 3155 probarem
686 3090 913 3156 interpunctionem
928 3105 1023 3160 venep

85 3165 187 3215 enitatis
211 3166 295 3231 gratia
320 3164 389 3213 auxi.
430 3160 545 3223 Denique
566 3165 695 3223 postremo
717 3159 847 3215 volumine
873 3159 991 3210 adiiciam
1023 3178 1027 3209 ι

86 3235 194 3285 iudicem
212 3247 306 3284 novum
322 3247 338 3280 a
353 3245 394 3281 me
410 3230 544 3295 diligenter
559 3227 710 3279 conlectum.

155 3301 300 3352 Scribebam
319 3298 486 3350 Vratialariae
502 3312 590 3348 mense
605 3295 707 3348 Octobri
725 3313 747 3347 a.
765 3295 912 3348 Mucccu.
