2378 3856
175 236 229 295 AD
250 232 477 294 GALLIONEM
495 235 548 295 DE
567 235 665 294 ΙἮΤΑ
684 235 825 295 ΒΕΑΤΑ.
842 245 968 299 11-13.
1005 234 1067 297 149

88 388 236 448 Desinant
248 401 322 460 ergo
336 385 579 445 inconvenientia
589 385 716 460 iungere
727 394 757 447 el
769 374 1098 463 virtutivomptatema
1135 406 1137 410 ·
1184 437 1186 442 .

88 471 246 546 inplicare,
256 483 319 543 per
333 469 417 543 quod
431 468 535 528 vitium
547 469 692 544 pessimis
702 469 1079 546 quibusqueadulanurra

87 555 142 617 llle
150 552 495 627 effususinvoluptatcs
507 553 716 614 ructabundus
724 556 945 630 semperalque
953 555 1067 631 ebrius,
1146 614 1148 619 .

89 639 162 714 quia
178 635 237 696 scit
251 651 286 696 se
301 651 370 696 cum
382 635 540 712 voluptate
552 637 788 712 *vivere-:credit
808 645 847 698 et·
859 655 933 699 cum>
947 640 1067 700 virtute.

87 721 174 782 audit
187 720 460 794 enimvoluptulem
468 720 750 794 separariavirtute
758 737 820 784 non
828 722 1068 796 posse.‚,deinde

87 805 169 865 vitiis
185 802 251 864 suis
266 803 447 878 sapientiam
464 804 603 864 inscribit
616 812 647 864 et
660 800 881 874 abscondenda
895 805 1066 881 profitetur.

86 890 195 963 itaque
209 903 270 947 non
288 887 327 946 ab
341 886 475 962 Epicuro
488 888 604 963 inpulsi
617 887 823 964 luxuriantur,
840 891 903 950 sed
918 888 1004 950 vitiis·
1015 889 1067 949 de·
1081 892 1100 947 4

87 971 309 1033 diti'luxuriam
320 987 408 1031 suam
421 972 452 1030 in
465 971 764 1047 philosophiuesinu
778 973 1016 1034 absconduntur
1029 978 1082 1034 eo?-

88 1061 280 1128 concurrunl,
291 1053 476 1117 ubi'audianl
485 1054 603 1116 laudari
614 1056 812 1132 voluptatem.
827 1072 884 1117 nec
895 1056 1066 1129 aestimant,

86 1139 229 1214 voluptas
245 1138 297 1197 illa
308 1137 450 1213 Epicuri,
471 1140 513 1199 ita
533 1137 614 1198 enim
628 1140 952 1214 meherculessentio,
973 1142 1066 1215 quam

87 1222 192 1284 sobria
206 1238 242 1289 ac
256 1219 342 1282 sicca
357 1221 407 1296 sit,
428 1222 486 1282 sed
501 1222 664 1282 adnomen
685 1223 788 1296 ipsum
805 1223 952 1283 advolant
963 1225 1066 1298 'quae-

86 1390 192 1465 Itaque
207 1389 391 1464 quoduuum
404 1387 557 1448 habebunt
568 1387 599 1448 in
612 1387 828 1451 malis'bonum
840 1391 982 1464 perdunt,
996 1404 1067 1466 pec·
1083 1391 1099 1442 ⁵

87 1474 178 1532 candi
198 1471 433 1547 verecundiam.
465 1470 685 1532 laudantenim
703 1488 755 1546 ea,
777 1472 888 1548 quibus
904 1472 1065 1534 erubesce·

85 1557 161 1616 bant
173 1562 204 1615 et
215 1554 471 1628 vitiogloriantur.
488 1556 620 1631 ideoque
632 1571 671 1616 ne
681 1572 844 1632 resurgere
857 1557 979 1633 quidem
991 1557 1066 1617 adu·

86 1637 340 1712 lescentiaelicet‚
355 1653 425 1699 cum
438 1638 587 1700 honestus
600 1640 680 1715 turpi
694 1640 830 1718 desidiae
843 1641 947 1702 titulus
960 1655 1065 1702 acces-

88 1725 140 1783 sit:
162 1723 222 1783 hoc
230 1730 278 1783 est
284 1738 339 1783 cur
352 1722 412 1785 ista
421 1723 585 1798 voluptatis
599 1723 738 1786 laudatio?
747 1722 920 1800 perniciosa
935 1724 982 1797 sit,
994 1724 1067 1799 quia

87 1807 219 1867 honesta
235 1815 402 1882 praecepta
414 1807 494 1868 intra
508 1809 609 1880 latent,
632 1809 717 1884 quod
731 1809 907 1884 corrumpit,
930 1808 1077 1882 adparet?

142 1890 227 1950 XIII.
248 1891 282 1950 ln
298 1905 335 1950 ea
350 1890 474 1965 quidem
487 1891 720 1967 ipsasententia
733 1909 810 1968 sum,
826 1892 927 1953 invitis
938 1892 999 1953 hoc
1012 1906 1066 1951 no·
1084 1900 1099 1952 1

88 1974 161 2034 stris
177 1973 376 2052 popularibus
392 1974 510 2049 dicam,
523 1983 630 2036 sancta
642 1975 808 2051 Epicurum
826 1977 858 2037 'et
877 1983 962 2036 rectu
979 1990 1067 2050 prae·

88 2056 192 2131 cipere
207 2064 246 2128 et,
262 2057 288 2115 si
299 2059 427 2132 propius
439 2059 621 2134 accesseris,
635 2061 747 2121 tristiaz
761 2060 911 2135 'voluptas
923 2059 1004 2119 enim
1017 2058 1069 2116 iila

87 2141 128 2200 ad
144 2155 273 2215 parvum
289 2147 319 2199 et
334 2142 414 2202 exile
427 2150 591 2203 revocatur
605 2151 635 2202 et
656 2159 748 2218 quam
767 2159 825 2202 nos
839 2143 949 2201 vuirtuti
967 2143 1068 2215 legem

88 2223 228 2297 dicimus,
251 2238 318 2282 eam
333 2225 383 2296 ille
398 2224 472 2284 dicit
491 2226 656 2300 voluptati:
678 2225 763 2286 iubet
782 2227 863 2284 illam
884 2239 993 2299 parere
1014 2237 1067 2282 na-

86 2316 184 2368 turae.
213 2322 323 2381 parum
337 2315 386 2368 est
398 2315 498 2368 autem
514 2307 653 2369 luxuriae
667 2307 751 2383 quod
769 2314 896 2368 naturae
915 2305 992 2366 satis
1009 2312 1067 2366 est.

87 2391 168 2466 Quid
188 2407 261 2466 ergo
279 2398 347 2451 esti
375 2392 448 2467 [ille]
465 2392 606 2466 quisquis
619 2388 919 2451 desidiosum-:otium
934 2398 964 2450 et
978 2391 1099 2464 gulae!

87 2491 124 2535 ac
135 2474 270 2553 libidinis
282 2476 367 2536 vices
379 2475 552 2535 felicitatem
564 2481 665 2549 vocat,
680 2475 795 2536 bonum
807 2474 1083 2549 anseromiae..

85 2558 126 2618 rit
140 2567 294 2633 auctorem
310 2566 347 2633 et,
369 2559 443 2619 dum
463 2557 516 2619 illo
533 2559 615 2618 venit
634 2557 747 2620 blando
768 2557 892 2620 nomine
912 2558 1065 2628 inductus,

87 2643 227 2718 sequitur
241 2647 428 2719 voluptatem
442 2659 503 2703 non
524 2659 615 2719 quam
637 2643 736 2718 audit,
749 2643 824 2712 sed·
836 2644 929 2718 quam
944 2641 1066 2714 adtulit,

86 2734 117 2785 et
133 2725 204 2786 vitiu
218 2743 275 2788 sua
289 2744 357 2788 curn
372 2727 474 2802 coepit
485 2735 594 2803 putere
608 2727 716 2789 similia
730 2727 914 2803 praeceptis,
930 2726 1068 2799 indulget

85 2809 147 2869 illis
159 2825 224 2867 non
231 2810 334 2869 timide
346 2825 403 2870 nec
415 2811 556 2872 obscure.
564 2813 742 2885 luxuriatur,
750 2817 780 2871 el
790 2810 949 2880 iamaude,
959 2813 1066 2883 aperto

87 2891 198 2967 capite.
226 2893 333 2967 ltaque
347 2908 409 2953 non
424 2894 533 2967 dicam,
556 2894 641 2967 quod
654 2893 794 2968 plerique
813 2897 997 2961 nostrorum,
1018 2903 1066 2947 se·

87 2985 167 3037 ctam
177 2975 302 3051 Epicuri
316 2975 498 3049 flagitiorum
516 2975 789 3048 magistram'esse,
810 2973 867 3034 sed
887 2971 961 3033 illud
981 2971 1066 3031 dico=

87 3061 168 3120 male
183 3059 276 3133 audit,
292 3059 413 3118 infamis
428 3066 484 3132 esu
500 3065 531 3118 et
544 3057 693 3120 inmerito.
719 3059 807 3132 „Hoc
820 3057 901 3117 scire
914 3057 966 3132 qui
980 3062 1097 3131 potera

87 3143 147 3204 nisi
162 3144 290 3204 interius
303 3143 504 3203 admissust“
524 3142 624 3203 Frons
639 3141 705 3202 eius
719 3142 789 3217 ipsa
800 3139 853 3202 dal¹
863 3143 962 3202 locum
980 3139 1065 3200 iabu-

87 3230 136 3286 lae
151 3236 181 3288 et
196 3228 235 3287 ad
250 3228 361 3287 malam
376 3242 464 3301 spem
479 3226 588 3288 inritat.
617 3226 676 3286 hoc
690 3228 751 3287 tale
765 3223 931 3301 esu'quale
943 3225 990 3284 vir
1005 3225 1068 3304 lor3

88 3310 126 3369 tis
141 3313 251 3372 stolam
266 3312 401 3372 indutus.
431 3311 581 3371 constanti
602 3309 654 3370 tihi
674 3310 820 3385 pudicitia
836 3309 964 3370 uirilitas
980 3308 1067 3364 salva

88 3398 145 3467 est,
160 3395 233 3456 nulli
249 3411 362 3472 corpus
378 3403 461 3457 tuum
476 3395 556 3470 turpi
568 3394 730 3471 patientiae
745 3401 842 3464 vacat,
858 3391 960 3452 sedin
974 3403 1068 3448 manu

88 3485 265 3554 tympanum
282 3488 344 3540 esta
367 3478 470 3540 titulus
491 3480 593 3554 itaque
608 3479 755 3539 honestus
772 3476 901 3550 eligatur
916 3480 946 3533 et
960 3471 1066 3531 iuscri-
