2378 3854
10 46 17 325 i
179 212 376 275 nccmnltt
397 212 477 274 CUM
498 211 762 275 attovlnffltrln
783 212 852 274 sl’r.
887 214 937 275 tlt.
1030 213 1051 279 7

57 365 176 446 inquis,
192 363 361 427 inexilium
373 366 479 441 proici,
492 365 522 425 in
534 374 702 441 egestatem
714 366 826 430 deduci
837 368 960 442 liberos,
976 386 1048 430 con·

56 455 166 528 iugem
185 450 318 523 eclerre,
339 448 505 525 ignominia
524 449 631 525 adiici,
653 449 842 512 debilitata
877 453 909 514 Si
930 452 1049 513 miraris

56 536 138 596 baec
155 550 214 610 pro
226 534 330 609 aliquo
342 548 429 608 esse,
444 533 603 617 miraberis
615 536 767 610 quosdam
780 537 860 597 ierro
872 544 902 596 et
915 539 985 612 igne
997 553 1049 598 eu·

10 674 12 685 ,
57 620 126 680 rari
138 634 199 678 nec
212 618 314 679 minus
328 619 408 684 lame
424 633 461 678 ac
476 617 535 678 siti.
558 619 615 678 sed
629 620 656 679 si
672 619 855 693 cogitaveris
869 629 986 695 tecum,
1001 637 1049 681 re·

58 702 156 763 medii
168 717 266 763 causa
275 701 459 777 quibusdam
470 709 500 761 et
509 702 576 761 radi
589 718 663 763 ossa
672 709 702 763 et
713 702 773 778 legi
782 709 813 763 et
823 704 940 765 extrahi
953 706 1048 766 venas

58 796 90 848 et
107 787 264 863 quaedam
287 786 437 861 amputari
456 785 605 860 membra,
629 803 708 862 quae
721 786 788 847 sine
807 789 899 849 totius
915 790 1048 863 pernicie

58 870 205 946 corporis
219 869 347 929 haerere
361 884 422 929 non
442 875 597 944 poterant,
621 869 680 931 hoc
697 886 822 946 quoque
836 871 963 947 patieris
980 889 1049 947 pro·

58 954 127 1016 bari
142 953 213 1028 tibi,
231 954 382 1028 quaedam
402 953 596 1015 incommoda
610 971 667 1030 pro
688 955 736 1015 his
756 970 827 1016 esse
843 956 955 1031 quibus
970 959 1048 1016 acci·

59 1039 156 1112 dunv,
173 1044 235 1097 tam
250 1035 440 1096 mehercules
456 1053 549 1113 quam
564 1040 716 1112 quaedam
731 1055 811 1115 quae
830 1040 992 1101 laudantur
1006 1049 1048 1101 at-

58 1137 122 1198 que
134 1122 330 1196 adpetuntur,
342 1127 447 1181 contra
457 1136 514 1182 eos
526 1137 597 1182 esse
609 1139 688 1196 quos
702 1123 939 1200 delectaverunt,
955 1124 1049 1184 simil-

57 1206 134 1266 lima
155 1204 355 1266 cruditatibus
377 1205 636 1280 ebrietatibusque
657 1213 686 1264 et
707 1206 818 1266 ceteris
840 1224 920 1279 quae
940 1215 1050 1268 necant

59 1304 119 1366 per
133 1291 334 1363 voluptatem.
370 1289 451 1348 lnter
466 1290 560 1349 multa
574 1289 737 1363 magnifica
751 1290 893 1350 Demetrii
909 1293 1006 1351 nostri
1021 1299 1051 1352 et
1064 1301 1081 1354 3

57 1374 139 1435 haec
153 1389 217 1433 vox
231 1377 294 1446 est,
309 1388 328 1431 a
343 1388 405 1447 qua
415 1388 525 1433 recens
539 1389 617 1432 sum.
641 1381 732 1433 sonat
744 1373 847 1434 adhuc
861 1381 891 1434 et
906 1374 1005 1434 vibrat
1018 1376 1048 1434 in

59 1458 190 1520 auribus
205 1456 298 1516 meist
319 1459 408 1531 nidd,
424 1457 536 1532 inquit,
554 1458 627 1517 mibi
639 1460 755 1519 videtur
768 1458 919 1531 infelicius
932 1475 979 1533 eo,
1000 1463 1051 1520 cttt'

56 1543 138 1603 ttiltil
154 1556 293 1616 amquam
306 1544 402 1601 evenit
418 1542 545 1602 adversi.
575 1558 636 1600 non
652 1543 735 1602 licuit
750 1542 829 1601 enim
846 1543 888 1602 illi
903 1559 938 1603 se
952 1559 1048 1618 expe-

57 1625 121 1687 riri.
156 1625 198 1686 Ut
208 1639 248 1684 ex
262 1631 334 1686 voto
350 1625 392 1684 illi
406 1624 550 1685 fluxerint
564 1627 680 1700 omnia,
701 1634 734 1687 ut
748 1633 818 1686 ante
832 1635 952 1701 votum,
969 1628 1048 1687 male

57 1718 163 1772 tamen
185 1708 225 1768 de
246 1708 297 1769 illo
312 1707 345 1767 di
358 1709 581 1769 iudicaverunt:
616 1711 759 1784 indignus
780 1709 868 1770 visus
889 1719 936 1771 est
952 1726 970 1769 a
986 1726 1046 1786 quo

57 1794 237 1855 vinceretur
257 1791 424 1868 aliquando
439 1794 572 1864 fortuna,
595 1810 673 1869 quae
689 1792 920 1869 ignavissimum
944 1809 1046 1868 quem·

58 1893 122 1954 que
136 1876 263 1951 refugit,
279 1877 369 1951 quasi
383 1875 479 1936 dicat:
512 1877 607 1951 „quid
622 1885 717 1952 ergo?
744 1879 835 1938 istum
851 1876 923 1936 mihi
938 1878 1047 1938 adver-

58 1961 176 2025 sarium
193 1961 373 2021 adsumam?
394 1962 495 2020 statim
506 1976 590 2019 arma
605 1962 768 2022 submittet.
791 1977 852 2020 non
866 1978 945 2036 opus
958 1970 1006 2022 est
1017 1963 1046 2020 in

58 2046 145 2107 illut'n
159 2050 224 2105 tcta
238 2046 373 2119 potentia
386 2060 469 2104 mea:
498 2041 558 2104 levi
579 2045 803 2105 conminatione
817 2047 956 2119 pelletur.
985 2061 1047 2106 non

58 2135 166 2205 potest
179 2129 333 2190 sustinere
347 2129 461 2189 voltum
476 2143 586 2188 meum.
610 2129 688 2190 alius
702 2129 964 2204 circumspiciatur
979 2143 1046 2188 cum
1071 2161 1074 2173 ·

58 2229 123 2289 quo
141 2214 281 2272 conterre
300 2209 458 2287 possimus
474 2228 610 2272 manum:
640 2213 733 2286 pudet
747 2213 894 2287 congredi
908 2214 977 2271 cuni
993 2212 1046 2272 ho·

57 2297 142 2357 mine
152 2295 234 2356 vinci
249 2301 387 2371 parato.“
420 2296 618 2370 Ignominiam
633 2295 746 2354 iudicat
755 2296 906 2368 gladiator·
921 2309 991 2353 cum
1004 2295 1079 2355 int

58 2378 175 2441 feriore
190 2379 324 2454 conponi
339 2387 369 2440 et
382 2379 441 2438 scit
452 2394 522 2439 eum
538 2379 605 2437 sine
619 2377 717 2452 gloria
730 2377 827 2451 vinci,
845 2376 979 2450 quisine
993 2393 1047 2452 pe·

58 2464 158 2525 riculo
174 2456 312 2523 vincitur.
341 2462 423 2523 idem
437 2461 511 2523 lacit
525 2463 660 2521 fortuna:
683 2461 866 2522 fortissimos
882 2461 941 2521 sibi
957 2477 1047 2537 pares

59 2548 190 2625 quaerit
202 2547 354 2622 quosdam
366 2546 489 2607 lastidio
501 2545 618 2621 transit,
630 2544 929 2607 contumacissimum
943 2562 1048 2622 quem-

59 2646 122 2709 que
137 2637 169 2690 at
181 2629 383 2690 rectissimum
400 2631 591 2705 adgreditur,
613 2630 764 2691 adversus
779 2645 869 2705 quem
883 2629 945 2689 vim
960 2647 1048 2691 suam

59 2714 213 2777 intendat·
242 2713 345 2789 ignem
360 2715 516 2789 experitur
536 2713 567 2774 in
581 2713 698 2789 Mucio,
722 2721 930 2789 paupertatem
945 2715 976 2773 in
991 2715 1047 2774 Fa·

58 2798 172 2872 bricio,
194 2798 320 2858 exilium
335 2799 365 2856 in
379 2799 506 2870 Rutilio,
526 2806 677 2859 tormenta
691 2799 721 2857 in
735 2799 871 2872 Regulo,
897 2813 1047 2858 venenum

58 2882 88 2943 ln
103 2881 249 2957 Socrate,
275 2889 404 2942 mortem
423 2883 453 2940 in
470 2882 594 2943 Catone.
627 2882 771 2956 Magnum
792 2884 966 2956 exemplum
988 2881 1078 2946 nisis

59 2967 141 3028 mala
152 2968 276 3028 fortuna
287 2981 349 3024 non
359 2964 484 3026 invenit.
506 2966 614 3025 Infelix
626 2973 674 3025 est
682 2965 810 3039 Mucius,
825 2965 909 3039 quod
920 2965 1048 3026 dextera

59 3050 146 3127 goes
163 3050 301 3112 hostium
317 3050 427 3124 premit
444 3056 474 3110 et
489 3049 592 3126 ipsea
612 3064 647 3110 se
668 3047 761 3124 exigit
775 3049 889 3109 erroris
910 3049 958 3110 sul
972 3065 1047 3125 poe-

60 3142 138 3197 nast
160 3135 249 3210 quod
268 3147 372 3207 regem
388 3149 478 3209 quem
493 3141 608 3193 armata
620 3151 712 3194 manu
726 3150 788 3195 non
804 3134 918 3209 potuit,
938 3142 1048 3195 exusta

60 3218 165 3297 lugntl
187 3217 266 3294 quid
280 3224 375 3291 ergo?
397 3217 513 3279 felicior·
523 3225 621 3293 esset,
637 3220 663 3278 sl
678 3220 708 3279 in
720 3219 790 3279 sinu
801 3218 917 3278 amicae
929 3220 1048 3278 foveret

60 3311 203 3367 manumi
214 3298 336 3361 'Infelix
351 3308 399 3362 est
411 3302 585 3373 Fabricius,
608 3304 691 3377 quod
707 3318 761 3362 rus
775 3318 879 3375 suum,
902 3309 1046 3377 quantum
1061 3306 1077 3359 6

60 3389 254 3467 erepublica
266 3386 401 3461 vacavit,
419 3385 514 3446 loditt
543 3386 628 3461 quod
643 3386 755 3446 bellurn
769 3392 830 3446 tarn
845 3401 914 3445 cum
927 3380 1046 3459 Pyrrho

61 3488 148 3549 quam
159 3488 234 3535 curn
247 3466 363 3531 divitiis
376 3471 475 3546 gerite
497 3469 582 3546 quod
594 3470 633 3529 ad
647 3471 749 3530 locum
760 3474 871 3529 coenat
880 3466 949 3524 illas
960 3465 1045 3540 ipsas
