<?xml version="1.0" encoding="UTF-8"?>
<!DOCTYPE html PUBLIC "-//W3C//DTD XHTML 1.0 Transitional//EN"
    "http://www.w3.org/TR/xhtml1/DTD/xhtml1-transitional.dtd">
<html xmlns="http://www.w3.org/1999/xhtml" xml:lang="en" lang="en">
 <head>
  <title>
</title>
<meta http-equiv="Content-Type" content="text/html;charset=utf-8" />
  <meta name='ocr-system' content='tesseract 3.04.00' />
  <meta name='ocr-capabilities' content='ocr_page ocr_carea ocr_par ocr_line ocrx_word'/>
</head>
<body>
  <div class='ocr_page' id='page_1' title='image "./lannaeisenecaeo03senegoog_0195.png"; bbox 0 0 2378 3856; ppageno 0'>
   <div class='ocr_carea' id='block_1_1' title="bbox 164 190 970 265">
    <p class='ocr_par' dir='ltr' id='par_1_1' title="bbox 164 190 970 265">
     <span class='ocr_line' id='line_1_1' title="bbox 164 190 970 265; baseline -0.007 0"><span class='ocrx_word' id='word_1_1' title='bbox 164 200 226 265; x_wconf 83' lang='grc'>178</span> <span class='ocrx_word' id='word_1_2' title='bbox 353 200 386 259; x_wconf 88' lang='lat' dir='ltr'>L.</span> <span class='ocrx_word' id='word_1_3' title='bbox 406 199 551 261; x_wconf 82' lang='lat' dir='ltr'>ANNAEl</span> <span class='ocrx_word' id='word_1_4' title='bbox 575 199 749 259; x_wconf 79' lang='lat' dir='ltr'>SENECAE</span> <span class='ocrx_word' id='word_1_5' title='bbox 773 198 876 259; x_wconf 76' lang='lat' dir='ltr'>olai..</span> <span class='ocrx_word' id='word_1_6' title='bbox 897 190 970 259; x_wconf 54' lang='lat' dir='ltr'>tx(</span> 
     </span>
    </p>
   </div>
   <div class='ocr_carea' id='block_1_2' title="bbox 132 348 1141 3508">
    <p class='ocr_par' dir='ltr' id='par_1_2' title="bbox 160 348 1139 843">
     <span class='ocr_line' id='line_1_2' title="bbox 161 348 1139 427; baseline -0.001 -14"><span class='ocrx_word' id='word_1_7' title='bbox 161 354 187 413; x_wconf 92' lang='lat' dir='ltr'>si</span> <span class='ocrx_word' id='word_1_8' title='bbox 209 361 330 427; x_wconf 87' lang='lat' dir='ltr'>tempus</span> <span class='ocrx_word' id='word_1_9' title='bbox 354 352 383 409; x_wconf 91' lang='lat' dir='ltr'>in</span> <span class='ocrx_word' id='word_1_10' title='bbox 406 351 507 410; x_wconf 86' lang='lat' dir='ltr'>studia</span> <span class='ocrx_word' id='word_1_11' title='bbox 524 350 682 422; x_wconf 89' lang='lat' dir='ltr'>conferas,</span> <span class='ocrx_word' id='word_1_12' title='bbox 705 349 788 422; x_wconf 92' lang='lat' dir='ltr'>quod</span> <span class='ocrx_word' id='word_1_13' title='bbox 809 348 996 410; x_wconf 89' lang='lat' dir='ltr'>subduxeris</span> <span class='ocrx_word' id='word_1_14' title='bbox 1018 350 1139 425; x_wconf 85' lang='lat' dir='ltr'>officiis,</span> 
     </span>
     <span class='ocr_line' id='line_1_3' title="bbox 160 433 1139 507; baseline -0.002 -10"><span class='ocrx_word' id='word_1_15' title='bbox 160 453 221 497; x_wconf 90' lang='lat' dir='ltr'>uon</span> <span class='ocrx_word' id='word_1_16' title='bbox 238 433 414 496; x_wconf 80' lang='lat' dir='ltr'>deserueris</span> <span class='ocrx_word' id='word_1_17' title='bbox 432 447 488 492; x_wconf 90' lang='lat' dir='ltr'>nec</span> <span class='ocrx_word' id='word_1_18' title='bbox 503 449 613 492; x_wconf 91' lang='lat' dir='ltr'>munus</span> <span class='ocrx_word' id='word_1_19' title='bbox 630 433 857 492; x_wconf 75' lang='lat' dir='ltr'>detrectaveris.</span> <span class='ocrx_word' id='word_1_20' title='bbox 879 433 1077 507; x_wconf 86' lang='lat' dir='ltr'>nequeenim</span> <span class='ocrx_word' id='word_1_21' title='bbox 1090 434 1139 495; x_wconf 86' lang='lat' dir='ltr'>itte</span> 
     </span>
     <span class='ocr_line' id='line_1_4' title="bbox 160 515 1138 593; baseline -0.003 -13"><span class='ocrx_word' id='word_1_22' title='bbox 160 521 247 580; x_wconf 90' lang='lat' dir='ltr'>solus</span> <span class='ocrx_word' id='word_1_23' title='bbox 259 516 380 590; x_wconf 82' lang='lat' dir='ltr'>militat,</span> <span class='ocrx_word' id='word_1_24' title='bbox 395 517 489 591; x_wconf 90' lang='lat' dir='ltr'>quiin</span> <span class='ocrx_word' id='word_1_25' title='bbox 502 516 568 575; x_wconf 89' lang='lat' dir='ltr'>acie</span> <span class='ocrx_word' id='word_1_26' title='bbox 583 523 644 576; x_wconf 85' lang='lat' dir='ltr'>stat</span> <span class='ocrx_word' id='word_1_27' title='bbox 655 522 685 576; x_wconf 89' lang='lat' dir='ltr'>et</span> <span class='ocrx_word' id='word_1_28' title='bbox 697 531 792 576; x_wconf 91' lang='lat' dir='ltr'>cornu</span> <span class='ocrx_word' id='word_1_29' title='bbox 802 516 944 577; x_wconf 83' lang='lat' dir='ltr'>dextrum</span> <span class='ocrx_word' id='word_1_30' title='bbox 954 515 1138 593; x_wconf 81' lang='lat' dir='ltr'>laevumque</span> 
     </span>
     <span class='ocr_line' id='line_1_5' title="bbox 160 599 1137 677; baseline -0.002 -14"><span class='ocrx_word' id='word_1_31' title='bbox 160 601 311 673; x_wconf 77' lang='lat' dir='ltr'>defendit,</span> <span class='ocrx_word' id='word_1_32' title='bbox 333 601 389 660; x_wconf 91' lang='lat' dir='ltr'>sed</span> <span class='ocrx_word' id='word_1_33' title='bbox 406 600 457 677; x_wconf 88' lang='lat' dir='ltr'>qui</span> <span class='ocrx_word' id='word_1_34' title='bbox 472 607 577 675; x_wconf 89' lang='lat' dir='ltr'>portas</span> <span class='ocrx_word' id='word_1_35' title='bbox 591 606 691 660; x_wconf 88' lang='lat' dir='ltr'>tuetur</span> <span class='ocrx_word' id='word_1_36' title='bbox 704 606 735 659; x_wconf 87' lang='lat' dir='ltr'>et</span> <span class='ocrx_word' id='word_1_37' title='bbox 749 599 880 660; x_wconf 82' lang='lat' dir='ltr'>statione</span> <span class='ocrx_word' id='word_1_38' title='bbox 900 599 1003 661; x_wconf 90' lang='lat' dir='ltr'>minus</span> <span class='ocrx_word' id='word_1_39' title='bbox 1019 601 1137 677; x_wconf 90' lang='lat' dir='ltr'>pericu-</span> 
     </span>
     <span class='ocr_line' id='line_1_6' title="bbox 160 681 1137 759; baseline 0.001 -14"><span class='ocrx_word' id='word_1_40' title='bbox 160 689 243 757; x_wconf 88' lang='lat' dir='ltr'>losa,</span> <span class='ocrx_word' id='word_1_41' title='bbox 255 701 317 745; x_wconf 91' lang='lat' dir='ltr'>non</span> <span class='ocrx_word' id='word_1_42' title='bbox 326 683 426 744; x_wconf 90' lang='lat' dir='ltr'>otiosa</span> <span class='ocrx_word' id='word_1_43' title='bbox 437 691 536 743; x_wconf 87' lang='lat' dir='ltr'>tamen</span> <span class='ocrx_word' id='word_1_44' title='bbox 549 682 682 757; x_wconf 89' lang='lat' dir='ltr'>fungitur</span> <span class='ocrx_word' id='word_1_45' title='bbox 694 681 875 759; x_wconf 85' lang='lat' dir='ltr'>vigiliasque</span> <span class='ocrx_word' id='word_1_46' title='bbox 887 691 992 744; x_wconf 86' lang='lat' dir='ltr'>servat</span> <span class='ocrx_word' id='word_1_47' title='bbox 1000 693 1033 746; x_wconf 87' lang='lat' dir='ltr'>et</span> <span class='ocrx_word' id='word_1_48' title='bbox 1042 700 1137 745; x_wconf 84' lang='lat' dir='ltr'>arma-</span> 
     </span>
     <span class='ocr_line' id='line_1_7' title="bbox 160 765 1136 843; baseline 0 -15"><span class='ocrx_word' id='word_1_49' title='bbox 160 770 308 828; x_wconf 86' lang='lat' dir='ltr'>mentario</span> <span class='ocrx_word' id='word_1_50' title='bbox 320 775 458 843; x_wconf 82' lang='lat' dir='ltr'>praeest:</span> <span class='ocrx_word' id='word_1_51' title='bbox 476 782 555 842; x_wconf 90' lang='lat' dir='ltr'>quae</span> <span class='ocrx_word' id='word_1_52' title='bbox 566 765 733 827; x_wconf 89' lang='lat' dir='ltr'>ministeria</span> <span class='ocrx_word' id='word_1_53' title='bbox 745 767 884 841; x_wconf 86' lang='lat' dir='ltr'>quamvis</span> <span class='ocrx_word' id='word_1_54' title='bbox 895 767 1060 829; x_wconf 84' lang='lat' dir='ltr'>incruenta</span> <span class='ocrx_word' id='word_1_55' title='bbox 1070 769 1136 843; x_wconf 84' lang='lat' dir='ltr'>sint,</span> 
     </span>
    </p>

    <p class='ocr_par' dir='ltr' id='par_1_3' title="bbox 132 849 1137 1344">
     <span class='ocr_line' id='line_1_8' title="bbox 132 849 1136 926; baseline -0.007 -8"><span class='ocrx_word' id='word_1_56' title='bbox 132 853 189 918; x_wconf 76' lang='lat' dir='ltr'>tin</span> <span class='ocrx_word' id='word_1_57' title='bbox 213 868 371 913; x_wconf 90' lang='lat' dir='ltr'>numerum</span> <span class='ocrx_word' id='word_1_58' title='bbox 386 849 606 926; x_wconf 82' lang='lat' dir='ltr'>stipendiorum</span> <span class='ocrx_word' id='word_1_59' title='bbox 619 850 754 910; x_wconf 89' lang='lat' dir='ltr'>veniunt.</span> <span class='ocrx_word' id='word_1_60' title='bbox 784 849 817 911; x_wconf 91' lang='lat' dir='ltr'>Si</span> <span class='ocrx_word' id='word_1_61' title='bbox 832 858 862 911; x_wconf 88' lang='lat' dir='ltr'>te</span> <span class='ocrx_word' id='word_1_62' title='bbox 876 851 916 910; x_wconf 89' lang='lat' dir='ltr'>ad</span> <span class='ocrx_word' id='word_1_63' title='bbox 931 851 1035 911; x_wconf 89' lang='lat' dir='ltr'>studia</span> <span class='ocrx_word' id='word_1_64' title='bbox 1043 867 1136 911; x_wconf 78' lang='lat' dir='ltr'>reve</span> 
     </span>
     <span class='ocr_line' id='line_1_9' title="bbox 161 931 1137 1008; baseline 0 -13"><span class='ocrx_word' id='word_1_65' title='bbox 161 937 296 1008; x_wconf 87' lang='lat' dir='ltr'>caveris,</span> <span class='ocrx_word' id='word_1_66' title='bbox 319 948 409 995; x_wconf 89' lang='lat' dir='ltr'>omne</span> <span class='ocrx_word' id='word_1_67' title='bbox 423 931 504 993; x_wconf 90' lang='lat' dir='ltr'>vitae</span> <span class='ocrx_word' id='word_1_68' title='bbox 519 932 672 994; x_wconf 88' lang='lat' dir='ltr'>fastidium</span> <span class='ocrx_word' id='word_1_69' title='bbox 686 931 833 1008; x_wconf 81' lang='lat' dir='ltr'>effugeris</span> <span class='ocrx_word' id='word_1_70' title='bbox 851 950 908 994; x_wconf 90' lang='lat' dir='ltr'>nec</span> <span class='ocrx_word' id='word_1_71' title='bbox 929 942 1053 995; x_wconf 87' lang='lat' dir='ltr'>noctem</span> <span class='ocrx_word' id='word_1_72' title='bbox 1073 935 1137 995; x_wconf 88' lang='lat' dir='ltr'>fieri</span> 
     </span>
     <span class='ocr_line' id='line_1_10' title="bbox 161 1015 1136 1093; baseline 0.001 -14"><span class='ocrx_word' id='word_1_73' title='bbox 161 1019 282 1093; x_wconf 89' lang='lat' dir='ltr'>optabis</span> <span class='ocrx_word' id='word_1_74' title='bbox 297 1017 399 1078; x_wconf 81' lang='lat' dir='ltr'>taedio</span> <span class='ocrx_word' id='word_1_75' title='bbox 413 1015 501 1089; x_wconf 78' lang='lat' dir='ltr'>lucia,</span> <span class='ocrx_word' id='word_1_76' title='bbox 517 1032 574 1076; x_wconf 91' lang='lat' dir='ltr'>nec</span> <span class='ocrx_word' id='word_1_77' title='bbox 585 1016 637 1076; x_wconf 90' lang='lat' dir='ltr'>tibi</span> <span class='ocrx_word' id='word_1_78' title='bbox 647 1017 750 1089; x_wconf 89' lang='lat' dir='ltr'>gravis</span> <span class='ocrx_word' id='word_1_79' title='bbox 765 1017 826 1077; x_wconf 90' lang='lat' dir='ltr'>eris</span> <span class='ocrx_word' id='word_1_80' title='bbox 840 1032 897 1077; x_wconf 89' lang='lat' dir='ltr'>nec</span> <span class='ocrx_word' id='word_1_81' title='bbox 909 1016 978 1078; x_wconf 84' lang='lat' dir='ltr'>aliis</span> <span class='ocrx_word' id='word_1_82' title='bbox 989 1032 1136 1093; x_wconf 83' lang='lat' dir='ltr'>superva-</span> 
     </span>
     <span class='ocr_line' id='line_1_11' title="bbox 162 1099 1137 1178; baseline 0.001 -16"><span class='ocrx_word' id='word_1_83' title='bbox 162 1118 247 1162; x_wconf 91' lang='lat' dir='ltr'>cuus.</span> <span class='ocrx_word' id='word_1_84' title='bbox 276 1100 386 1161; x_wconf 85' lang='lat' dir='ltr'>multos</span> <span class='ocrx_word' id='word_1_85' title='bbox 396 1101 426 1158; x_wconf 91' lang='lat' dir='ltr'>in</span> <span class='ocrx_word' id='word_1_86' title='bbox 442 1099 603 1159; x_wconf 88' lang='lat' dir='ltr'>amicitiam</span> <span class='ocrx_word' id='word_1_87' title='bbox 615 1099 759 1160; x_wconf 80' lang='lat' dir='ltr'>adtrahes</span> <span class='ocrx_word' id='word_1_88' title='bbox 771 1099 950 1176; x_wconf 85' lang='lat' dir='ltr'>adfluetque</span> <span class='ocrx_word' id='word_1_89' title='bbox 964 1100 1005 1163; x_wconf 88' lang='lat' dir='ltr'>ad</span> <span class='ocrx_word' id='word_1_90' title='bbox 1015 1109 1048 1161; x_wconf 91' lang='lat' dir='ltr'>te</span> <span class='ocrx_word' id='word_1_91' title='bbox 1062 1103 1137 1178; x_wconf 86' lang='lat' dir='ltr'>opti·</span> 
     </span>
     <span class='ocr_line' id='line_1_12' title="bbox 161 1183 1137 1259; baseline 0 -15"><span class='ocrx_word' id='word_1_92' title='bbox 161 1201 229 1244; x_wconf 87' lang='lat' dir='ltr'>mus</span> <span class='ocrx_word' id='word_1_93' title='bbox 245 1185 386 1259; x_wconf 88' lang='lat' dir='ltr'>quisque.</span> <span class='ocrx_word' id='word_1_94' title='bbox 408 1198 573 1259; x_wconf 81' lang='lat' dir='ltr'>numquam</span> <span class='ocrx_word' id='word_1_95' title='bbox 588 1183 668 1242; x_wconf 89' lang='lat' dir='ltr'>euim</span> <span class='ocrx_word' id='word_1_96' title='bbox 680 1184 821 1257; x_wconf 89' lang='lat' dir='ltr'>quamvis</span> <span class='ocrx_word' id='word_1_97' title='bbox 836 1185 1083 1247; x_wconf 79' lang='lat' dir='ltr'>obscuravimus</span> <span class='ocrx_word' id='word_1_98' title='bbox 1098 1188 1137 1245; x_wconf 86' lang='lat' dir='ltr'>fa-</span> 
     </span>
     <span class='ocr_line' id='line_1_13' title="bbox 161 1265 1137 1344; baseline 0.001 -15"><span class='ocrx_word' id='word_1_99' title='bbox 161 1277 219 1342; x_wconf 90' lang='lat' dir='ltr'>tet,</span> <span class='ocrx_word' id='word_1_100' title='bbox 237 1268 294 1328; x_wconf 90' lang='lat' dir='ltr'>sed</span> <span class='ocrx_word' id='word_1_101' title='bbox 308 1268 396 1328; x_wconf 87' lang='lat' dir='ltr'>mittit</span> <span class='ocrx_word' id='word_1_102' title='bbox 410 1267 459 1327; x_wconf 87' lang='lat' dir='ltr'>sui</span> <span class='ocrx_word' id='word_1_103' title='bbox 473 1265 576 1341; x_wconf 84' lang='lat' dir='ltr'>signa:</span> <span class='ocrx_word' id='word_1_104' title='bbox 596 1265 737 1341; x_wconf 88' lang='lat' dir='ltr'>quisquis</span> <span class='ocrx_word' id='word_1_105' title='bbox 754 1268 864 1342; x_wconf 89' lang='lat' dir='ltr'>dignus</span> <span class='ocrx_word' id='word_1_106' title='bbox 880 1268 985 1343; x_wconf 87' lang='lat' dir='ltr'>fuerit,</span> <span class='ocrx_word' id='word_1_107' title='bbox 1001 1270 1137 1344; x_wconf 83' lang='lat' dir='ltr'>vestigiis</span> 
     </span>
    </p>

    <p class='ocr_par' dir='ltr' id='par_1_4' title="bbox 133 1350 1139 1845">
     <span class='ocr_line' id='line_1_14' title="bbox 133 1350 1139 1427; baseline -0.004 -10"><span class='ocrx_word' id='word_1_108' title='bbox 133 1353 242 1417; x_wconf 81' lang='lat' dir='ltr'>filiam</span> <span class='ocrx_word' id='word_1_109' title='bbox 258 1352 388 1427; x_wconf 83' lang='lat' dir='ltr'>colliget.</span> <span class='ocrx_word' id='word_1_110' title='bbox 419 1350 496 1409; x_wconf 87' lang='lat' dir='ltr'>Nam</span> <span class='ocrx_word' id='word_1_111' title='bbox 510 1352 536 1410; x_wconf 90' lang='lat' dir='ltr'>si</span> <span class='ocrx_word' id='word_1_112' title='bbox 548 1365 668 1411; x_wconf 89' lang='lat' dir='ltr'>omnem</span> <span class='ocrx_word' id='word_1_113' title='bbox 684 1352 948 1412; x_wconf 81' lang='lat' dir='ltr'>conversationem</span> <span class='ocrx_word' id='word_1_114' title='bbox 960 1352 1096 1413; x_wconf 85' lang='lat' dir='ltr'>tollimus</span> <span class='ocrx_word' id='word_1_115' title='bbox 1110 1360 1139 1413; x_wconf 87' lang='lat' dir='ltr'>et</span> 
     </span>
     <span class='ocr_line' id='line_1_15' title="bbox 162 1434 1137 1511; baseline 0.001 -16"><span class='ocrx_word' id='word_1_116' title='bbox 162 1437 267 1511; x_wconf 81' lang='lat' dir='ltr'>generi</span> <span class='ocrx_word' id='word_1_117' title='bbox 292 1435 425 1495; x_wconf 89' lang='lat' dir='ltr'>humano</span> <span class='ocrx_word' id='word_1_118' title='bbox 449 1434 658 1494; x_wconf 88' lang='lat' dir='ltr'>renuntiamus</span> <span class='ocrx_word' id='word_1_119' title='bbox 679 1434 872 1510; x_wconf 89' lang='lat' dir='ltr'>vivimusque</span> <span class='ocrx_word' id='word_1_120' title='bbox 892 1436 921 1494; x_wconf 88' lang='lat' dir='ltr'>in</span> <span class='ocrx_word' id='word_1_121' title='bbox 943 1451 1003 1496; x_wconf 91' lang='lat' dir='ltr'>nos</span> <span class='ocrx_word' id='word_1_122' title='bbox 1023 1443 1137 1497; x_wconf 85' lang='lat' dir='ltr'>tantum</span> 
     </span>
     <span class='ocr_line' id='line_1_16' title="bbox 163 1516 1138 1592; baseline 0 -13"><span class='ocrx_word' id='word_1_123' title='bbox 163 1519 322 1590; x_wconf 84' lang='lat' dir='ltr'>conversi,</span> <span class='ocrx_word' id='word_1_124' title='bbox 344 1524 491 1592; x_wconf 89' lang='lat' dir='ltr'>sequetur</span> <span class='ocrx_word' id='word_1_125' title='bbox 506 1517 585 1577; x_wconf 87' lang='lat' dir='ltr'>franc</span> <span class='ocrx_word' id='word_1_126' title='bbox 600 1516 795 1578; x_wconf 88' lang='lat' dir='ltr'>solitudinem</span> <span class='ocrx_word' id='word_1_127' title='bbox 817 1517 899 1578; x_wconf 91' lang='lat' dir='ltr'>omni</span> <span class='ocrx_word' id='word_1_128' title='bbox 914 1519 1018 1579; x_wconf 89' lang='lat' dir='ltr'>studio</span> <span class='ocrx_word' id='word_1_129' title='bbox 1034 1533 1138 1580; x_wconf 83' lang='lat' dir='ltr'>curen-</span> 
     </span>
     <span class='ocr_line' id='line_1_17' title="bbox 162 1601 1139 1676; baseline 0 -15"><span class='ocrx_word' id='word_1_130' title='bbox 162 1610 222 1662; x_wconf 91' lang='lat' dir='ltr'>tem</span> <span class='ocrx_word' id='word_1_131' title='bbox 240 1601 344 1675; x_wconf 89' lang='lat' dir='ltr'>inopia</span> <span class='ocrx_word' id='word_1_132' title='bbox 364 1616 465 1660; x_wconf 90' lang='lat' dir='ltr'>rerum</span> <span class='ocrx_word' id='word_1_133' title='bbox 486 1601 686 1674; x_wconf 76' lang='lat' dir='ltr'>agendarum:</span> <span class='ocrx_word' id='word_1_134' title='bbox 714 1602 896 1676; x_wconf 82' lang='lat' dir='ltr'>incipiemus</span> <span class='ocrx_word' id='word_1_135' title='bbox 917 1601 1062 1663; x_wconf 83' lang='lat' dir='ltr'>aedificia</span> <span class='ocrx_word' id='word_1_136' title='bbox 1082 1604 1139 1663; x_wconf 86' lang='lat' dir='ltr'>aha</span> 
     </span>
     <span class='ocr_line' id='line_1_18' title="bbox 163 1683 1138 1762; baseline 0.003 -18"><span class='ocrx_word' id='word_1_137' title='bbox 163 1700 295 1761; x_wconf 91' lang='lat' dir='ltr'>ponere,</span> <span class='ocrx_word' id='word_1_138' title='bbox 321 1683 381 1744; x_wconf 89' lang='lat' dir='ltr'>alia</span> <span class='ocrx_word' id='word_1_139' title='bbox 406 1683 586 1743; x_wconf 89' lang='lat' dir='ltr'>subvertere</span> <span class='ocrx_word' id='word_1_140' title='bbox 612 1690 644 1742; x_wconf 85' lang='lat' dir='ltr'>ot</span> <span class='ocrx_word' id='word_1_141' title='bbox 667 1700 752 1744; x_wconf 89' lang='lat' dir='ltr'>mare</span> <span class='ocrx_word' id='word_1_142' title='bbox 773 1685 958 1746; x_wconf 88' lang='lat' dir='ltr'>submovere</span> <span class='ocrx_word' id='word_1_143' title='bbox 984 1693 1016 1746; x_wconf 91' lang='lat' dir='ltr'>et</span> <span class='ocrx_word' id='word_1_144' title='bbox 1039 1701 1138 1762; x_wconf 86' lang='lat' dir='ltr'>aquas</span> 
     </span>
     <span class='ocr_line' id='line_1_19' title="bbox 164 1766 1139 1845; baseline 0 -17"><span class='ocrx_word' id='word_1_145' title='bbox 164 1777 270 1830; x_wconf 88' lang='lat' dir='ltr'>contra</span> <span class='ocrx_word' id='word_1_146' title='bbox 289 1767 497 1827; x_wconf 86' lang='lat' dir='ltr'>difficultatem</span> <span class='ocrx_word' id='word_1_147' title='bbox 519 1766 656 1826; x_wconf 89' lang='lat' dir='ltr'>locorum</span> <span class='ocrx_word' id='word_1_148' title='bbox 671 1768 802 1826; x_wconf 89' lang='lat' dir='ltr'>educere</span> <span class='ocrx_word' id='word_1_149' title='bbox 817 1776 847 1828; x_wconf 92' lang='lat' dir='ltr'>et</span> <span class='ocrx_word' id='word_1_150' title='bbox 853 1770 939 1828; x_wconf 80' lang='lat' dir='ltr'>‘male</span> <span class='ocrx_word' id='word_1_151' title='bbox 953 1767 1139 1845; x_wconf 85' lang='lat' dir='ltr'>dispensare</span> 
     </span>
    </p>

    <p class='ocr_par' dir='ltr' id='par_1_5' title="bbox 133 1849 1141 2345">
     <span class='ocr_line' id='line_1_20' title="bbox 133 1849 1140 1925; baseline 0.002 -14"><span class='ocrx_word' id='word_1_152' title='bbox 133 1860 300 1925; x_wconf 76' lang='lat' dir='ltr'>atempuS,</span> <span class='ocrx_word' id='word_1_153' title='bbox 331 1851 416 1925; x_wconf 91' lang='lat' dir='ltr'>quod</span> <span class='ocrx_word' id='word_1_154' title='bbox 441 1849 529 1910; x_wconf 91' lang='lat' dir='ltr'>nobis</span> <span class='ocrx_word' id='word_1_155' title='bbox 557 1857 665 1909; x_wconf 87' lang='lat' dir='ltr'>natura</span> <span class='ocrx_word' id='word_1_156' title='bbox 689 1853 931 1912; x_wconf 90' lang='lat' dir='ltr'>consumendum</span> <span class='ocrx_word' id='word_1_157' title='bbox 958 1852 1061 1913; x_wconf 78' lang='lat' dir='ltr'>dedit:</span> <span class='ocrx_word' id='word_1_158' title='bbox 1090 1852 1140 1913; x_wconf 88' lang='lat' dir='ltr'>atii</span> 
     </span>
     <span class='ocr_line' id='line_1_21' title="bbox 162 1933 1140 2011; baseline 0.002 -18"><span class='ocrx_word' id='word_1_159' title='bbox 162 1951 257 2010; x_wconf 90' lang='lat' dir='ltr'>parce</span> <span class='ocrx_word' id='word_1_160' title='bbox 279 1933 330 1994; x_wconf 85' lang='lat' dir='ltr'>ilio</span> <span class='ocrx_word' id='word_1_161' title='bbox 351 1934 479 2007; x_wconf 90' lang='lat' dir='ltr'>utimur,</span> <span class='ocrx_word' id='word_1_162' title='bbox 507 1933 555 1991; x_wconf 89' lang='lat' dir='ltr'>alii</span> <span class='ocrx_word' id='word_1_163' title='bbox 578 1934 716 2008; x_wconf 80' lang='lat' dir='ltr'>prodige.</span> <span class='ocrx_word' id='word_1_164' title='bbox 744 1935 795 1994; x_wconf 88' lang='lat' dir='ltr'>aiii</span> <span class='ocrx_word' id='word_1_165' title='bbox 816 1936 861 1995; x_wconf 90' lang='lat' dir='ltr'>sic</span> <span class='ocrx_word' id='word_1_166' title='bbox 874 1936 1088 2011; x_wconf 83' lang='lat' dir='ltr'>inpendimus,</span> <span class='ocrx_word' id='word_1_167' title='bbox 1107 1942 1140 1997; x_wconf 90' lang='lat' dir='ltr'>ut</span> 
     </span>
     <span class='ocr_line' id='line_1_22' title="bbox 163 2016 1139 2094; baseline 0 -14"><span class='ocrx_word' id='word_1_168' title='bbox 163 2018 322 2094; x_wconf 90' lang='lat' dir='ltr'>possimus</span> <span class='ocrx_word' id='word_1_169' title='bbox 337 2019 486 2078; x_wconf 88' lang='lat' dir='ltr'>rationem</span> <span class='ocrx_word' id='word_1_170' title='bbox 501 2016 647 2089; x_wconf 89' lang='lat' dir='ltr'>reddere,</span> <span class='ocrx_word' id='word_1_171' title='bbox 663 2016 728 2091; x_wconf 87' lang='lat' dir='ltr'>alii,</span> <span class='ocrx_word' id='word_1_172' title='bbox 743 2026 776 2078; x_wconf 88' lang='lat' dir='ltr'>ut</span> <span class='ocrx_word' id='word_1_173' title='bbox 792 2019 892 2079; x_wconf 85' lang='lat' dir='ltr'>nullas</span> <span class='ocrx_word' id='word_1_174' title='bbox 906 2019 1077 2080; x_wconf 87' lang='lat' dir='ltr'>habeamus</span> <span class='ocrx_word' id='word_1_175' title='bbox 1092 2034 1139 2079; x_wconf 90' lang='lat' dir='ltr'>re-</span> 
     </span>
     <span class='ocr_line' id='line_1_23' title="bbox 163 2099 1139 2179; baseline 0.001 -17"><span class='ocrx_word' id='word_1_176' title='bbox 163 2102 289 2179; x_wconf 84' lang='lat' dir='ltr'>liquias,</span> <span class='ocrx_word' id='word_1_177' title='bbox 311 2118 372 2176; x_wconf 88' lang='lat' dir='ltr'>qua</span> <span class='ocrx_word' id='word_1_178' title='bbox 391 2116 425 2160; x_wconf 89' lang='lat' dir='ltr'>re</span> <span class='ocrx_word' id='word_1_179' title='bbox 446 2099 519 2159; x_wconf 92' lang='lat' dir='ltr'>nihil</span> <span class='ocrx_word' id='word_1_180' title='bbox 533 2100 652 2174; x_wconf 91' lang='lat' dir='ltr'>turpius</span> <span class='ocrx_word' id='word_1_181' title='bbox 668 2107 724 2160; x_wconf 84' lang='lat' dir='ltr'>est.</span> <span class='ocrx_word' id='word_1_182' title='bbox 754 2116 849 2178; x_wconf 85' lang='lat' dir='ltr'>saepe</span> <span class='ocrx_word' id='word_1_183' title='bbox 863 2102 990 2177; x_wconf 86' lang='lat' dir='ltr'>grandis</span> <span class='ocrx_word' id='word_1_184' title='bbox 1004 2111 1077 2165; x_wconf 88' lang='lat' dir='ltr'>natu</span> <span class='ocrx_word' id='word_1_185' title='bbox 1092 2118 1139 2163; x_wconf 81' lang='lat' dir='ltr'>se</span> 
     </span>
     <span class='ocr_line' id='line_1_24' title="bbox 162 2184 1141 2261; baseline 0.002 -15"><span class='ocrx_word' id='word_1_186' title='bbox 162 2202 223 2246; x_wconf 86' lang='lat' dir='ltr'>nex</span> <span class='ocrx_word' id='word_1_187' title='bbox 238 2187 353 2246; x_wconf 86' lang='lat' dir='ltr'>nullum</span> <span class='ocrx_word' id='word_1_188' title='bbox 373 2185 455 2245; x_wconf 89' lang='lat' dir='ltr'>aliud</span> <span class='ocrx_word' id='word_1_189' title='bbox 476 2184 569 2244; x_wconf 85' lang='lat' dir='ltr'>habet</span> <span class='ocrx_word' id='word_1_190' title='bbox 588 2191 813 2259; x_wconf 84' lang='lat' dir='ltr'>argumentum,</span> <span class='ocrx_word' id='word_1_191' title='bbox 835 2202 897 2260; x_wconf 91' lang='lat' dir='ltr'>quo</span> <span class='ocrx_word' id='word_1_192' title='bbox 912 2202 948 2246; x_wconf 89' lang='lat' dir='ltr'>se</span> <span class='ocrx_word' id='word_1_193' title='bbox 962 2188 1074 2261; x_wconf 87' lang='lat' dir='ltr'>probet</span> <span class='ocrx_word' id='word_1_194' title='bbox 1088 2185 1141 2248; x_wconf 91' lang='lat' dir='ltr'>diu</span> 
     </span>
     <span class='ocr_line' id='line_1_25' title="bbox 162 2271 616 2345; baseline -0.007 -16"><span class='ocrx_word' id='word_1_195' title='bbox 162 2271 298 2340; x_wconf 87' lang='lat' dir='ltr'>vixisse,</span> <span class='ocrx_word' id='word_1_196' title='bbox 315 2277 436 2345; x_wconf 89' lang='lat' dir='ltr'>praeter·</span> <span class='ocrx_word' id='word_1_197' title='bbox 451 2274 588 2327; x_wconf 87' lang='lat' dir='ltr'>aetatem.</span> <span class='ocrx_word' id='word_1_198' title='bbox 599 2273 616 2299; x_wconf 83' lang='lat'><strong>“</strong></span> 
     </span>
    </p>

    <p class='ocr_par' dir='ltr' id='par_1_6' title="bbox 135 2350 1141 2845">
     <span class='ocr_line' id='line_1_26' title="bbox 135 2350 1140 2426; baseline 0.001 -13"><span class='ocrx_word' id='word_1_199' title='bbox 135 2363 150 2413; x_wconf 92' lang='lat'>1</span> <span class='ocrx_word' id='word_1_200' title='bbox 225 2355 277 2413; x_wconf 86' lang='lat' dir='ltr'>tv.</span> <span class='ocrx_word' id='word_1_201' title='bbox 300 2353 389 2426; x_wconf 86' lang='lat' dir='ltr'>Mihi,</span> <span class='ocrx_word' id='word_1_202' title='bbox 405 2351 564 2412; x_wconf 84' lang='lat' dir='ltr'>carissime</span> <span class='ocrx_word' id='word_1_203' title='bbox 578 2350 707 2425; x_wconf 83' lang='lat' dir='ltr'>Serene,</span> <span class='ocrx_word' id='word_1_204' title='bbox 723 2351 812 2412; x_wconf 90' lang='lat' dir='ltr'>nimis</span> <span class='ocrx_word' id='word_1_205' title='bbox 825 2352 946 2412; x_wconf 87' lang='lat' dir='ltr'>videtur</span> <span class='ocrx_word' id='word_1_206' title='bbox 956 2353 1140 2414; x_wconf 84' lang='lat' dir='ltr'>submisisse</span> 
     </span>
     <span class='ocr_line' id='line_1_27' title="bbox 162 2434 1140 2511; baseline 0.001 -15"><span class='ocrx_word' id='word_1_207' title='bbox 162 2436 352 2511; x_wconf 88' lang='lat' dir='ltr'>temporibus</span> <span class='ocrx_word' id='word_1_208' title='bbox 377 2452 412 2494; x_wconf 90' lang='lat' dir='ltr'>se</span> <span class='ocrx_word' id='word_1_209' title='bbox 432 2434 666 2508; x_wconf 83' lang='lat' dir='ltr'>Athenodorus,</span> <span class='ocrx_word' id='word_1_210' title='bbox 696 2435 785 2495; x_wconf 84' lang='lat' dir='ltr'>nimis</span> <span class='ocrx_word' id='word_1_211' title='bbox 811 2436 871 2495; x_wconf 87' lang='lat' dir='ltr'>cito</span> <span class='ocrx_word' id='word_1_212' title='bbox 892 2436 1057 2510; x_wconf 77' lang='lat' dir='ltr'>refugisse.</span> <span class='ocrx_word' id='word_1_213' title='bbox 1096 2437 1140 2497; x_wconf 84' lang='lat' dir='ltr'>Ne</span> 
     </span>
     <span class='ocr_line' id='line_1_28' title="bbox 164 2519 1140 2593; baseline 0.003 -15"><span class='ocrx_word' id='word_1_214' title='bbox 164 2535 222 2591; x_wconf 88' lang='lat' dir='ltr'>ego</span> <span class='ocrx_word' id='word_1_215' title='bbox 242 2519 417 2593; x_wconf 87' lang='lat' dir='ltr'>negaverim</span> <span class='ocrx_word' id='word_1_216' title='bbox 439 2519 605 2591; x_wconf 86' lang='lat' dir='ltr'>aliquando</span> <span class='ocrx_word' id='word_1_217' title='bbox 627 2519 812 2593; x_wconf 88' lang='lat' dir='ltr'>cedendum,</span> <span class='ocrx_word' id='word_1_218' title='bbox 835 2519 892 2580; x_wconf 87' lang='lat' dir='ltr'>sed</span> <span class='ocrx_word' id='word_1_219' title='bbox 912 2519 1030 2579; x_wconf 89' lang='lat' dir='ltr'>sensim</span> <span class='ocrx_word' id='word_1_220' title='bbox 1043 2520 1140 2581; x_wconf 83' lang='lat' dir='ltr'>relato</span> 
     </span>
     <span class='ocr_line' id='line_1_29' title="bbox 162 2601 1141 2678; baseline 0.004 -20"><span class='ocrx_word' id='word_1_221' title='bbox 162 2602 260 2675; x_wconf 89' lang='lat' dir='ltr'>gradu</span> <span class='ocrx_word' id='word_1_222' title='bbox 272 2610 302 2660; x_wconf 89' lang='lat' dir='ltr'>et</span> <span class='ocrx_word' id='word_1_223' title='bbox 316 2601 411 2662; x_wconf 84' lang='lat' dir='ltr'>salvis</span> <span class='ocrx_word' id='word_1_224' title='bbox 427 2601 539 2674; x_wconf 91' lang='lat' dir='ltr'>signis,</span> <span class='ocrx_word' id='word_1_225' title='bbox 555 2602 640 2660; x_wconf 90' lang='lat' dir='ltr'>salva</span> <span class='ocrx_word' id='word_1_226' title='bbox 654 2601 771 2660; x_wconf 87' lang='lat' dir='ltr'>militari</span> <span class='ocrx_word' id='word_1_227' title='bbox 788 2603 946 2678; x_wconf 84' lang='lat' dir='ltr'>dignitate:</span> <span class='ocrx_word' id='word_1_228' title='bbox 968 2603 1141 2663; x_wconf 85' lang='lat' dir='ltr'>sanctiores</span> 
     </span>
     <span class='ocr_line' id='line_1_30' title="bbox 165 2682 1141 2759; baseline 0.002 -15"><span class='ocrx_word' id='word_1_229' title='bbox 165 2685 357 2758; x_wconf 90' lang='lat' dir='ltr'>tutioresque</span> <span class='ocrx_word' id='word_1_230' title='bbox 379 2690 450 2743; x_wconf 92' lang='lat' dir='ltr'>sunt</span> <span class='ocrx_word' id='word_1_231' title='bbox 470 2682 609 2742; x_wconf 93' lang='lat' dir='ltr'>hostibus</span> <span class='ocrx_word' id='word_1_232' title='bbox 630 2684 710 2754; x_wconf 92' lang='lat' dir='ltr'>suis,</span> <span class='ocrx_word' id='word_1_233' title='bbox 734 2685 786 2759; x_wconf 90' lang='lat' dir='ltr'>qui</span> <span class='ocrx_word' id='word_1_234' title='bbox 808 2687 837 2744; x_wconf 91' lang='lat' dir='ltr'>in</span> <span class='ocrx_word' id='word_1_235' title='bbox 853 2685 946 2746; x_wconf 88' lang='lat' dir='ltr'>fidem</span> <span class='ocrx_word' id='word_1_236' title='bbox 962 2701 1033 2746; x_wconf 92' lang='lat' dir='ltr'>cum</span> <span class='ocrx_word' id='word_1_237' title='bbox 1048 2686 1141 2747; x_wconf 68' lang='lat' dir='ltr'>almis</span> 
     </span>
     <span class='ocr_line' id='line_1_31' title="bbox 163 2766 1140 2845; baseline 0.005 -20"><span class='ocrx_word' id='word_1_238' title='bbox 163 2767 299 2828; x_wconf 90' lang='lat' dir='ltr'>veniunt.</span> <span class='ocrx_word' id='word_1_239' title='bbox 328 2768 389 2828; x_wconf 90' lang='lat' dir='ltr'>hoc</span> <span class='ocrx_word' id='word_1_240' title='bbox 410 2774 484 2842; x_wconf 92' lang='lat' dir='ltr'>puto</span> <span class='ocrx_word' id='word_1_241' title='bbox 506 2766 607 2825; x_wconf 87' lang='lat' dir='ltr'>virtuti</span> <span class='ocrx_word' id='word_1_242' title='bbox 632 2767 805 2828; x_wconf 88' lang='lat' dir='ltr'>faciendum</span> <span class='ocrx_word' id='word_1_243' title='bbox 826 2770 1032 2845; x_wconf 89' lang='lat' dir='ltr'>studiosoque</span> <span class='ocrx_word' id='word_1_244' title='bbox 1046 2770 1140 2830; x_wconf 89' lang='lat' dir='ltr'>virtu·</span> 
     </span>
    </p>

    <p class='ocr_par' dir='ltr' id='par_1_7' title="bbox 134 2849 1141 3177">
     <span class='ocr_line' id='line_1_32' title="bbox 134 2849 1141 2929; baseline 0 -18"><span class='ocrx_word' id='word_1_245' title='bbox 134 2852 212 2912; x_wconf 70' lang='lat' dir='ltr'>atis.</span> <span class='ocrx_word' id='word_1_246' title='bbox 236 2850 274 2912; x_wconf 87' lang='lat' dir='ltr'>Si</span> <span class='ocrx_word' id='word_1_247' title='bbox 289 2849 1141 2929; x_wconf 87' lang='lat' dir='ltr'>praevalebitfortunaetpraecidetagendi</span> 
     </span>
     <span class='ocr_line' id='line_1_33' title="bbox 164 2933 1140 3012; baseline 0 -18"><span class='ocrx_word' id='word_1_248' title='bbox 164 2937 407 3010; x_wconf 82' lang='lat' dir='ltr'>facultatem,</span> <span class='ocrx_word' id='word_1_249' title='bbox 442 2950 514 2994; x_wconf 92' lang='lat' dir='ltr'>non</span> <span class='ocrx_word' id='word_1_250' title='bbox 549 2933 681 2993; x_wconf 88' lang='lat' dir='ltr'>statim</span> <span class='ocrx_word' id='word_1_251' title='bbox 707 2950 872 2995; x_wconf 87' lang='lat' dir='ltr'>aversus</span> <span class='ocrx_word' id='word_1_252' title='bbox 897 2935 1140 3012; x_wconf 89' lang='lat' dir='ltr'>inermisque</span> 
     </span>
     <span class='ocr_line' id='line_1_34' title="bbox 164 3018 1139 3093; baseline -0.001 -15"><span class='ocrx_word' id='word_1_253' title='bbox 164 3021 291 3093; x_wconf 89' lang='lat' dir='ltr'>fugiat</span> <span class='ocrx_word' id='word_1_254' title='bbox 305 3019 483 3080; x_wconf 89' lang='lat' dir='ltr'>latebras</span> <span class='ocrx_word' id='word_1_255' title='bbox 499 3033 709 3092; x_wconf 88' lang='lat' dir='ltr'>quaerens,</span> <span class='ocrx_word' id='word_1_256' title='bbox 727 3019 815 3093; x_wconf 91' lang='lat' dir='ltr'>quasi</span> <span class='ocrx_word' id='word_1_257' title='bbox 830 3018 1068 3093; x_wconf 82' lang='lat' dir='ltr'>ulluslocussit,</span> <span class='ocrx_word' id='word_1_258' title='bbox 1085 3020 1139 3093; x_wconf 91' lang='lat' dir='ltr'>[in]</span> 
     </span>
     <span class='ocr_line' id='line_1_35' title="bbox 165 3101 1141 3177; baseline 0.001 -17"><span class='ocrx_word' id='word_1_259' title='bbox 165 3119 226 3175; x_wconf 90' lang='lat' dir='ltr'>quo</span> <span class='ocrx_word' id='word_1_260' title='bbox 249 3119 309 3161; x_wconf 90' lang='lat' dir='ltr'>non</span> <span class='ocrx_word' id='word_1_261' title='bbox 334 3101 433 3176; x_wconf 87' lang='lat' dir='ltr'>possit</span> <span class='ocrx_word' id='word_1_262' title='bbox 449 3102 568 3160; x_wconf 87' lang='lat' dir='ltr'>fortuna</span> <span class='ocrx_word' id='word_1_263' title='bbox 585 3102 745 3176; x_wconf 90' lang='lat' dir='ltr'>persequi,</span> <span class='ocrx_word' id='word_1_264' title='bbox 769 3103 825 3162; x_wconf 91' lang='lat' dir='ltr'>sed</span> <span class='ocrx_word' id='word_1_265' title='bbox 841 3101 964 3177; x_wconf 88' lang='lat' dir='ltr'>parcius</span> <span class='ocrx_word' id='word_1_266' title='bbox 980 3118 1016 3163; x_wconf 93' lang='lat' dir='ltr'>se</span> <span class='ocrx_word' id='word_1_267' title='bbox 1030 3103 1141 3162; x_wconf 86' lang='lat' dir='ltr'>inferat</span> 
     </span>
    </p>

    <p class='ocr_par' dir='ltr' id='par_1_8' title="bbox 133 3182 1140 3508">
     <span class='ocr_line' id='line_1_36' title="bbox 133 3182 1140 3258; baseline 0 -13"><span class='ocrx_word' id='word_1_268' title='bbox 133 3192 151 3245; x_wconf 78' lang='grc'>3</span> <span class='ocrx_word' id='word_1_269' title='bbox 164 3183 273 3243; x_wconf 86' lang='lat' dir='ltr'>officiis</span> <span class='ocrx_word' id='word_1_270' title='bbox 289 3193 319 3243; x_wconf 88' lang='lat' dir='ltr'>et</span> <span class='ocrx_word' id='word_1_271' title='bbox 333 3200 401 3243; x_wconf 89' lang='lat' dir='ltr'>cum</span> <span class='ocrx_word' id='word_1_272' title='bbox 415 3183 536 3243; x_wconf 90' lang='lat' dir='ltr'>defectu</span> <span class='ocrx_word' id='word_1_273' title='bbox 550 3182 684 3242; x_wconf 90' lang='lat' dir='ltr'>inveniat</span> <span class='ocrx_word' id='word_1_274' title='bbox 698 3183 828 3258; x_wconf 84' lang='lat' dir='ltr'>aliquid,</span> <span class='ocrx_word' id='word_1_275' title='bbox 845 3186 875 3245; x_wconf 88' lang='lat' dir='ltr'>in</span> <span class='ocrx_word' id='word_1_276' title='bbox 892 3201 952 3258; x_wconf 92' lang='lat' dir='ltr'>quo</span> <span class='ocrx_word' id='word_1_277' title='bbox 968 3186 1050 3246; x_wconf 84' lang='lat' dir='ltr'>utitis</span> <span class='ocrx_word' id='word_1_278' title='bbox 1065 3184 1140 3246; x_wconf 89' lang='lat' dir='ltr'>civi·</span> 
     </span>
     <span class='ocr_line' id='line_1_37' title="bbox 163 3264 1139 3343; baseline 0.001 -16"><span class='ocrx_word' id='word_1_279' title='bbox 163 3266 216 3327; x_wconf 88' lang='lat' dir='ltr'>tati</span> <span class='ocrx_word' id='word_1_280' title='bbox 231 3267 278 3326; x_wconf 89' lang='lat' dir='ltr'>sit.</span> <span class='ocrx_word' id='word_1_281' title='bbox 305 3265 432 3325; x_wconf 89' lang='lat' dir='ltr'>militare</span> <span class='ocrx_word' id='word_1_282' title='bbox 444 3281 505 3325; x_wconf 94' lang='lat' dir='ltr'>non</span> <span class='ocrx_word' id='word_1_283' title='bbox 520 3265 603 3323; x_wconf 88' lang='lat' dir='ltr'>licet:</span> <span class='ocrx_word' id='word_1_284' title='bbox 627 3264 761 3327; x_wconf 89' lang='lat' dir='ltr'>honores</span> <span class='ocrx_word' id='word_1_285' title='bbox 778 3275 869 3342; x_wconf 89' lang='lat' dir='ltr'>petat.</span> <span class='ocrx_word' id='word_1_286' title='bbox 897 3268 1018 3343; x_wconf 89' lang='lat' dir='ltr'>privato</span> <span class='ocrx_word' id='word_1_287' title='bbox 1033 3271 1139 3328; x_wconf 89' lang='lat' dir='ltr'>viven-</span> 
     </span>
     <span class='ocr_line' id='line_1_38' title="bbox 165 3346 1139 3412; baseline 0.003 -3"><span class='ocrx_word' id='word_1_288' title='bbox 165 3353 237 3410; x_wconf 92' lang='lat' dir='ltr'>dum</span> <span class='ocrx_word' id='word_1_289' title='bbox 252 3357 314 3409; x_wconf 81' lang='lat' dir='ltr'>est:</span> <span class='ocrx_word' id='word_1_290' title='bbox 330 3348 369 3408; x_wconf 89' lang='lat' dir='ltr'>sit</span> <span class='ocrx_word' id='word_1_291' title='bbox 384 3356 495 3408; x_wconf 91' lang='lat' dir='ltr'>orator.</span> <span class='ocrx_word' id='word_1_292' title='bbox 523 3346 675 3406; x_wconf 84' lang='lat' dir='ltr'>silentium</span> <span class='ocrx_word' id='word_1_293' title='bbox 692 3349 835 3412; x_wconf 92' lang='lat' dir='ltr'>indictum</span> <span class='ocrx_word' id='word_1_294' title='bbox 853 3358 915 3410; x_wconf 86' lang='lat' dir='ltr'>est:</span> <span class='ocrx_word' id='word_1_295' title='bbox 937 3353 1028 3412; x_wconf 81' lang='lat' dir='ltr'>tacita</span> <span class='ocrx_word' id='word_1_296' title='bbox 1043 3352 1139 3412; x_wconf 91' lang='lat' dir='ltr'>advo-</span> 
     </span>
     <span class='ocr_line' id='line_1_39' title="bbox 165 3429 1139 3508; baseline 0.004 -16"><span class='ocrx_word' id='word_1_297' title='bbox 165 3435 283 3494; x_wconf 90' lang='lat' dir='ltr'>catione</span> <span class='ocrx_word' id='word_1_298' title='bbox 306 3431 389 3493; x_wconf 91' lang='lat' dir='ltr'>cives</span> <span class='ocrx_word' id='word_1_299' title='bbox 410 3431 501 3492; x_wconf 89' lang='lat' dir='ltr'>iuvet.</span> <span class='ocrx_word' id='word_1_300' title='bbox 536 3429 744 3506; x_wconf 88' lang='lat' dir='ltr'>periculosum</span> <span class='ocrx_word' id='word_1_301' title='bbox 765 3434 854 3493; x_wconf 90' lang='lat' dir='ltr'>etiam</span> <span class='ocrx_word' id='word_1_302' title='bbox 876 3435 1018 3508; x_wconf 88' lang='lat' dir='ltr'>ingressu</span> <span class='ocrx_word' id='word_1_303' title='bbox 1039 3437 1139 3496; x_wconf 87' lang='lat' dir='ltr'>forum</span> 
     </span>
    </p>
   </div>
   <div class='ocr_carea' id='block_1_3' title="bbox 0 0 1198 3856">
    <p class='ocr_par' dir='ltr' id='par_1_9' title="bbox 0 0 1198 3856">
     <span class='ocr_line' id='line_1_40' title="bbox 0 0 1198 3856; baseline 0 0"><span class='ocrx_word' id='word_1_304' title='bbox 0 0 1198 3856; x_wconf 95' lang='lat' dir='ltr'> </span> 
     </span>
    </p>
   </div>
  </div>
 </body>
</html>
