2378 3856
116 115 156 178 16
195 116 297 179 DlAL.
318 118 339 176 Ι.
369 115 502 191 Quanti
516 115 666 192 ALIQUA
680 117 947 180 luwtfflounu

88 291 179 352 aqua
193 272 298 334 iarirat
311 271 458 341 animum,
480 267 562 330 dadi.
589 269 671 330 Auta
685 269 788 331 omnia
802 272 884 346 cavi,
904 288 944 334 ne

117 365 234 419 teneret
247 355 369 415 invitos.
392 359 475 429 patet
488 352 600 415 exitus.
629 353 658 415 ai
673 370 811 429 pugnare
825 371 887 416 uun
902 365 947 417 vui

116 443 233 516 iugera.
261 439 331 499 ideo
347 453 386 497 ax
402 438 544 498 omnibus
558 439 651 499 rubus
667 454 746 513 quas
760 454 833 500 asse
849 442 937 501 vobis

116 527 179 588 rias
197 524 297 598 volut,
318 522 390 582 nihii
411 522 470 583 iaci
491 522 611 583 facilius
633 539 724 598 quarn
738 523 825 583 mori.
859 541 947 599 prom

115 612 186 671 toan
208 608 315 684 posuit
337 606 471 668 trahitur.
504 605 668 668 adtendite
687 607 781 668 ruodo
802 616 833 669 at
847 607 948 670 videbi

115 693 219 755 bravia
234 693 274 753 ad
289 692 458 752 libertatum
473 698 504 751 et
519 707 610 766 quam
625 691 770 766 expeditu
781 692 873 753 durat
884 693 941 754 via.

116 781 225 854 longam
240 777 270 837 in
284 775 369 836 axitu
379 774 469 834 vobis
484 790 577 850 quam
590 774 770 837 intrantibus
786 791 889 838 moras
904 794 945 853 po

116 863 188 938 quin
204 874 347 935 magnum
368 858 398 918 in
413 874 470 919 vos
491 873 618 934 regnum
640 860 761 921 fortuna
781 861 945 936 tenuisset,

85 954 175 1011 atum
190 945 277 1005 tarde
292 950 461 1003 moreretur
470 959 562 1018 quam
574 943 719 1004 nuscitur.
741 942 836 1006 Omne
851 953 947 1023 tempi

115 1045 175 1090 vus
195 1029 283 1089 locus
304 1028 429 1098 doceat,
452 1043 544 1102 quam
565 1028 655 1088 tacite
675 1026 715 1087 sit
733 1030 905 1090 renuntiare
926 1049 944 1090 n

114 1129 226 1174 munus
241 1111 283 1172 itii
296 1127 384 1173 suum
399 1109 574 1187 inpingere:
593 1113 671 1172 inter
685 1109 755 1186 ipsa
769 1113 874 1174 uitaria
888 1123 947 1177 ets

112 1195 351 1259 sacrificantium
365 1196 451 1271 ritus,
466 1196 539 1256 dum
554 1201 677 1272 optatur
690 1195 760 1270 vita
776 1207 903 1260 mortam
919 1216 947 1261 a<

116 1297 248 1357 corpora
262 1280 366 1356 optma
377 1288 532 1342 taurorum
546 1278 660 1356 exiguo
671 1280 836 1341 concidunt
848 1285 947 1345 voluer

114 1381 242 1440 gnarum
264 1364 371 1424 virium
397 1364 540 1424 animalia
564 1364 715 1426 humanae
737 1380 844 1426 manus
864 1367 943 1430 istus

113 1448 200 1510 tenui
215 1449 296 1508 terro
312 1449 515 1509 commissura
528 1449 658 1510 servicis
673 1448 875 1524 abrumpitur,
899 1461 947 1514 et<

114 1533 203 1593 aulus
217 1529 269 1591 itte
283 1531 336 1605 qui
351 1538 444 1606 caput
457 1533 630 1615 uultumque
645 1534 800 1594 committit
813 1535 928 1598 incisus
943 1563 947 1592 ‹

83 1616 166 1680 silla
184 1618 282 1677 mutes
304 1616 426 1676 corruit.
457 1617 524 1675 Nun
545 1617 575 1675 iu
597 1619 659 1678 altu
679 1619 751 1678 latet
771 1619 897 1693 spiritus
919 1639 947 1682 nt

115 1702 195 1762 terro
216 1700 372 1760 eruendus
393 1707 449 1761 est.
483 1715 544 1760 non
571 1708 643 1762 sunt
664 1701 787 1762 volnere
806 1704 930 1778 penitus

115 1783 280 1844 scrutanda
294 1784 490 1858 praecordia:
511 1783 542 1844 in
555 1785 698 1860 proximo
713 1801 796 1848 mara
816 1795 873 1849 est.
905 1807 945 1851 no

114 1868 154 1928 ad
166 1868 224 1928 hos
235 1868 315 1927 ictus
327 1867 478 1928 destinavi
489 1868 605 1928 lucumr
621 1885 815 1945 quarumque
826 1872 875 1931 via
886 1890 947 1949 per

114 1953 216 2028 ipsum
231 1951 306 2012 iliud
321 1952 405 2026 qrrod
415 1959 543 2014 vocatur
553 1953 646 2029 mori,
663 1970 725 2028 quo
737 1954 838 2015 anima
849 1957 947 2019 discet

112 2051 205 2112 pore,
226 2034 351 2096 bravius
366 2041 428 2111 ast,
451 2051 542 2110 quam
557 2043 590 2097 ut
603 2038 707 2099 sentiri
720 2044 803 2099 tantu
818 2042 947 2103 velocita

112 2119 180 2181 siva
195 2121 301 2181 tanaus
317 2119 419 2182 nodus
433 2119 527 2195 elisit,
543 2120 610 2182 siva
624 2121 842 2196 spiramentum
857 2141 939 2199 aqua

112 2204 166 2279 sit,
182 2203 291 2266 sivein
305 2211 397 2280 caput
410 2206 516 2282 lapsos
528 2205 786 2267 subiacentissuli
798 2208 907 2269 duritia
918 2226 947 2272 at

112 2289 179 2348 siva
197 2287 327 2350 haustus
349 2288 429 2364 iguis
449 2304 571 2350 cursum
593 2290 712 2350 animae
731 2294 894 2353 remeantis
909 2294 947 2354 int

112 2372 259 2446 quiequid
272 2380 335 2444 est,
352 2382 511 2449 properat:
525 2373 638 2450 ecquid
649 2373 851 2436 arubusaitist
866 2380 948 2453 quud

110 2453 160 2528 ut,
182 2453 291 2516 timens
307 2454 459 2516 diutm
