2378 3856
244 182 396 243 omnv.
429 181 481 242 nn
501 148 571 242 mn
590 181 663 241 mn.
684 182 734 242 111.
755 190 887 245 41—43.
997 181 1055 246 ιιι

88 336 276 396 interventus
300 333 384 392 lenae
405 333 553 397 latronem
573 333 926 409 victoremquediducit.
954 339 1058 399 conlu-

88 418 163 479 ctari
175 432 245 477 cum
254 413 422 476 minoribus
432 416 519 477 mulis
534 432 596 476 non
608 425 704 490 vacat,
719 417 772 478 ubi
786 425 884 478 metus
895 420 993 480 maior
1006 421 1061 484 ad-

87 500 203 577 paruit=
226 499 300 573 quid
315 497 405 559 nobis
418 514 488 560 cum
501 498 694 561 dimicatione
709 509 740 561 et
753 501 893 562 insidiis?
913 504 1061 579 numquid

59 653 62 656 .
88 582 220 659 amplius
234 581 285 643 isti
300 582 349 643 cui
361 582 516 655 irasceris,
540 598 632 657 quam
646 591 774 645 mortem
788 591 898 659 aptast
920 587 1014 647 etiam
1030 593 1060 646 tc

88 666 268 743 quiescente
288 665 441 726 morietur.
464 665 569 740 perdis
582 681 710 740 operas:
732 667 834 727 lacere
848 668 895 728 vis
915 670 1028 744 quodi
1047 697 1059 713 ·

87 760 187 812 turum
203 755 258 808 est.
279 748 386 823 „Nota
401 749 514 824 inquis,
529 747 634 824 ulique
649 751 799 822 occidere,
815 749 987 823 secennio,
1004 754 1092 814 s'edl
1156 764 1161 773 ·

86 832 262 908 ignominia,
284 833 340 893 scd
355 832 466 893 damno
482 832 645 893 adficere.“
667 832 778 909 'Magis
798 833 926 909 ignosco
947 836 984 908 ei,
1008 837 1060 911 qui

85 919 198 978 volnus
219 915 331 975 inimici
351 916 668 992 quamquipusulam
687 917 891 993 concupiscit:
912 919 961 980 hic
981 920 1060 980 enim

86 1015 148 1060 non
164 1005 276 1059 tantum
294 1000 365 1059 mall
378 999 470 1060 annui
490 1005 546 1074 est,
567 1000 624 1059 sed
644 1000 755 1076 pusilli.
795 999 867 1061 Sive
889 1002 928 1061 de
950 1004 1060 1064 ultimis

88 1080 250 1158 suppliciis
267 1083 384 1156 cogitas
397 1083 464 1142 sive
478 1082 518 1142 de
533 1083 714 1144 levioribus:
730 1087 909 1159 quantulum
924 1094 973 1148 cst
987 1095 1060 1147 tem·

86 1168 181 1244 poris,
200 1181 261 1242 quo
283 1172 335 1226 out
353 1166 403 1226 ille
425 1181 526 1241 poena
548 1175 605 1226 sua
625 1173 802 1241 torquentur
823 1175 875 1226 eut
895 1175 928 1229 tu
949 1170 1059 1230 malum

86 1250 230 1327 gaudium
245 1265 284 1309 ex
295 1251 395 1310 aliena
407 1247 583 1324 percipisse
603 1251 666 1308 Iam
681 1250 772 1310 istum
787 1249 924 1324 spiritum
937 1255 1059 1328 exspui·

85 1351 154 1395 mus
169 1334 296 1406 interim,
313 1333 385 1393 dum
400 1331 558 1392 trahimus.
598 1331 677 1392 Dum
697 1332 775 1392 inter
790 1331 928 1393 homines
944 1351 1059 1408 sumus,
1074 1343 1090 1394 5

86 1419 223 1478 colemus
237 1415 464 1488 humanitatem,
487 1430 548 1474 non
569 1415 667 1475 timori
682 1414 832 1489 cuiquam,
848 1432 909 1476 non
925 1419 1060 1493 periculo

86 1504 193 1561 simus.
223 1498 412 1571 detrimenta,
434 1495 569 1571 iniurias,
582 1499 740 1572 convicia,
757 1499 965 1562 vellicationes
988 1518 1060 1562 con·
1112 1517 1114 1522 ·

85 1583 255 1644 temnamus
278 1591 308 1641 et
326 1595 438 1657 magno
459 1581 559 1642 animo
580 1582 684 1642 brevio
705 1585 837 1649 ieramus
857 1583 1059 1646 incommoda

85 1669 164 1728 Dum
177 1663 372 1808 ῑὲερίοἱιηιιε,
389 1665 472 1740 quod
487 1665 578 1740 aiunt,
600 1682 822 1742 versamusque
836 1685 904 1744 noe,
919 1671 1061 1730 inmorta-

86 1753 188 1811 titasa
211 1748 276 1810 erit.

477 1899 683 1910 ...ι-...-

382 2062 416 2142 lt.
439 2058 578 2142 llllll
597 2058 767 2142 llllcll

248 2190 619 2290 lllllottllttlll
649 2192 818 2287 LIBER
845 2194 910 2286 tl.

472 2344 517 2394 AD
534 2342 685 2394 melcolm

416 2464 459 2532 lili
477 2463 741 2534 colstllnltll.

150 2734 173 2792 l.
195 2734 260 2795 Nisi
272 2741 310 2807 te,
326 2735 449 2808 Mancia,
465 2735 576 2794 scirem
587 2733 749 2806 tamslonge
762 2731 800 2790 ab
812 2728 984 2790 infirmitate
998 2740 1091 2791 niu-1

87 2816 193 2878 liebris
214 2819 304 2878 animi
326 2835 418 2894 quam
438 2834 458 2877 a
477 2817 586 2878 ceteris
605 2815 687 2876 vitiis
711 2814 882 2875 recessisse
909 2820 939 2871 et
958 2817 1060 2872 mores

86 2909 160 2960 tuos
178 2901 259 2960 velut
280 2901 402 2975 aliquod
419 2901 576 2975 antiquum
596 2898 753 2972 exemplat·
773 2897 902 2970 adsolet,
924 2911 985 2954 non
1008 2910 1060 2953 eu-

88 2985 193 3043 derem
206 2982 327 3043 obviam
338 2985 383 3042 ire
395 2983 492 3043 dolori
504 2990 566 3056 tuo,
581 2980 630 3040 cui
643 2979 697 3039 viri
710 2993 834 3053 quoque
847 2977 977 3037 libenter
989 2975 1060 3036 hae-

87 3073 157 3126 rent
171 3072 201 3125 et
214 3066 367 3138 incubant,
382 3080 439 3124 nec
455 3061 770 3139 spemtconcepissem
788 3069 848 3121 tam
863 3060 967 3136 iniquo
987 3065 1062 3119 tem·

90 3165 177 3224 pore,
191 3157 252 3209 tum
266 3149 386 3208 inimico
402 3147 511 3222 iudice,
523 3156 583 3207 tam
598 3145 751 3206 invidioso
763 3144 888 3206 crimine
901 3159 997 3220 posse
1012 3157 1061 3202 me

90 3233 223 3306 efficere,
239 3240 272 3293 ut
286 3234 437 3293 fortunam
452 3240 531 3293 tuem
546 3232 736 3292 absolveres.
764 3228 907 3290 fiduciam
921 3227 994 3288 mihi
1008 3227 1060 3285 de-

91 3317 136 3378 dit
155 3320 345 3394 exploratum
366 3317 425 3377 iem
447 3315 541 3376 robur
561 3315 652 3375 enimi
673 3321 703 3374 et
723 3329 833 3388 magno
855 3313 1061 3388 experimento

91 3402 368 3476 aopi-obam-virtus
382 3407 442 3460 tuo.
469 3399 535 3460 Non
546 3407 594 3468 est
607 3401 751 3481 ignotum,
769 3397 889 3471 qualem
903 3403 932 3454 te
948 3394 976 3452 in
992 3398 1092 3467 pene
