2378 3856
167 170 230 235 aaa
271 171 614 232 nauusunecm
629 168 848 232 cumanam
865 168 983 230 murt.
1006 178 1034 235 r.
1126 130 1130 141 ¹
1159 174 1162 179 ·

169 325 228 384 tiae
244 338 339 398 opera
352 330 431 384 sunt
465 321 630 382 Clementia
641 321 768 382 liberum
783 318 940 381 arbitrium
953 320 1064 383 habeta
1079 336 1136 383 nnn

170 407 227 468 sub
242 406 386 475 termula,
403 405 460 465 aed
475 419 630 479 exaequo
645 411 676 466 et
691 403 774 465 bono
788 404 910 465 iudicat
933 411 965 465 et
977 404 1136 468 absolvere

169 491 210 551 iiii
230 491 298 550 ticet
313 496 345 549 et
361 489 465 565 quanti
487 489 551 550 vuit
572 495 677 549 taxare
699 488 790 549 litam.
823 485 902 548 Nihil
926 503 967 548 ex
986 486 1040 549 his
1059 487 1134 561 iacit,

168 584 321 649 tamquam
336 573 417 632 iusto
430 572 530 632 minus
548 572 668 644 iecerit,
683 571 739 631 sed
756 579 910 645 tamquam
925 569 957 631 id
969 572 1056 646 qnod
1067 587 1135 634 pan·

169 658 265 719 stituit
279 655 476 717 iustissimum
492 657 539 716 ait
567 655 728 730 ignosaere
742 661 845 715 autem
853 662 903 715 est
917 670 1012 729 quem
1020 653 1135 717 iudicas

170 740 357 818 puniendum
378 755 438 799 non
460 739 578 814 punire.
615 739 705 799 venia
726 738 846 799 debitae
862 753 986 813 poenae
996 737 1136 800 remiaaia

169 832 234 885 eat:
260 823 419 883 elementia
433 823 493 883 hae
508 823 635 897 primum
652 828 787 898 praestat
799 828 834 883 ut
851 838 931 896 quaa
946 821 1082 895 dimittit,
1096 822 1137 881 ni·

169 907 210 967 itii
228 907 308 968 aiiud
324 907 393 966 iiios
409 906 470 980 pati
486 906 632 966 debuisse
646 907 830 981 pronuntiet.
863 905 984 981 plenior
998 913 1049 968 eat
1067 920 1136 980 argo

140 1004 260 1066 aquam
277 989 366 1047 venia
381 993 412 1047 et
426 987 593 1049 honestior.
631 987 802 1063 neverim,
822 995 856 1049 ut
869 1005 938 1050 mea
952 991 1011 1050 iert
1024 986 1138 1064 opinia,

170 1072 379 1134 controversia
393 1076 455 1142 est,
477 1072 518 1132 da
532 1088 566 1132 re
581 1073 705 1146 quidem
719 1072 871 1133 convenit
902 1071 1038 1148 Sapiens
1048 1073 1140 1133 muita

168 1157 312 1228 remittet,
333 1156 444 1215 mattas
466 1171 573 1230 pamm
594 1155 676 1228 sani,
699 1156 755 1216 aed
776 1155 923 1217 sanabilis
941 1156 1059 1231 ingenii
1077 1170 1138 1216 een

168 1240 260 1300 vabit.
287 1239 438 1314 agricolas
452 1238 553 1301 banos
567 1238 744 1313 imitabitur,
766 1240 817 1315 qui
832 1255 893 1301 nan
909 1245 1027 1300 tantum
1039 1244 1140 1300 mutas

171 1336 379 1399 procerasque
399 1322 527 1384 arbores
547 1323 666 1383 natante
693 1323 752 1384 iiiia
779 1338 918 1398 quaque,
942 1337 1023 1399 quas
1038 1322 1141 1397 atique

169 1405 349 1484 depravavit
361 1421 464 1479 eausa,
480 1406 663 1466 adminicula
674 1406 786 1481 quibus
798 1404 1138 1482 diriganturadpdaant,

169 1492 245 1552 aiias
259 1489 492 1558 circumcidunt,
508 1505 547 1549 ne
559 1488 770 1565 proceritatem
785 1489 860 1549 rami
876 1496 1031 1565 premant,
1049 1504 1140 1564 quas·

170 1575 239 1635 dam
254 1574 390 1634 infirmas
405 1573 477 1633 vitio
492 1573 552 1633 iani
567 1572 713 1647 nutriunt,
728 1572 913 1647 quibusdam
923 1571 1141 1634 armannum

140 1657 377 1720 elaborantibus
398 1658 516 1716 eoelum
537 1656 686 1732 aperiunt
722 1656 901 1728 [deunr
919 1657 1006 1729 inec]
1027 1654 1143 1716 videbit

170 1743 333 1821 [perseam
346 1742 494 1816 sument,
517 1740 601 1815 quad
622 1739 775 1814 ingenium
794 1754 855 1814 qua
872 1739 993 1801 ratione
1010 1744 1141 1800 metan-

170 1827 241 1886 dum
257 1824 309 1895 sit,
334 1839 396 1898 qua
411 1823 503 1884 modo
518 1823 548 1882 in
563 1828 677 1884 rectum
692 1837 788 1898 prava
803 1820 973 1884 deduntur.
986 1820 1059 1860 ***
