2378 3856
254 212 356 275 nint.
371 211 410 270 V.
432 210 484 271 DE
504 211 572 271 tua
595 210 667 271 LlB.
686 211 737 270 lll·
752 217 838 274 7-9.
991 207 1033 274 87

55 365 201 427 haerebat
221 362 370 438 effugere.
401 362 546 438 optimum
569 360 713 422 iudicavit
731 363 878 438 quicquid
903 364 1034 428 dixisset

55 448 146 524 sequi
165 453 196 508 et
216 447 370 508 secundas
384 460 490 521 agere:
514 461 574 506 non
594 445 660 507 tulit
675 446 796 507 Coelius
812 447 1033 508 adsentientem

55 541 86 592 et
100 530 296 593 exclamavit=
323 530 373 590 dic
392 530 509 604 aliquid
520 536 633 603 contra,
646 535 680 589 ut
692 530 752 590 duo
770 533 871 591 simas.
900 529 962 591 Sed
982 531 1032 592 ille

54 629 190 691 quoque,
213 613 297 689 quod
312 629 372 673 non
388 613 579 687 irasceretur,
600 612 696 672 iratus
716 611 776 673 cito
799 613 866 674 sine
886 613 1030 675 adversa·

53 697 102 760 rio
117 697 216 758 desiit.
242 695 396 770 Eligamus
408 711 482 770 ergo
497 697 546 755 vel
560 695 619 756 hos
634 696 746 770 potius,
762 695 789 756 si
805 697 922 758 conscii
939 698 1060 762 nobisl

55 780 234 843 iracundiae
249 795 364 853 sumus,
386 779 439 854 qui
455 782 569 840 voltum
583 786 720 840 nostrum
736 796 773 840 ao
794 796 968 841 semronem
983 798 1031 842 se-

57 873 199 941 quantur.
227 863 339 924 laciont
356 863 478 938 quidem
500 877 558 923 nos
574 861 722 925 delicatos
738 869 768 923 et
783 864 811 923 in
828 865 937 923 malam
959 881 1031 926 con-

55 948 250 1009 suetudinem
275 945 420 1007 inducent
440 946 514 1007 nihil
535 953 641 1006 contra
666 948 852 1009 voluntatem
879 948 1048 1021 audiendi„

56 1032 114 1096 sed
130 1028 265 1106 proderit
278 1030 353 1090 vitio
368 1046 425 1092 suo
445 1030 636 1091 intervalium
650 1037 680 1090 et
695 1029 827 1106 quietem
842 1032 926 1092 dare.
947 1032 1031 1094 mla

55 1115 123 1176 cilis
143 1129 266 1189 quoque
280 1122 310 1176 et
330 1113 466 1175 indomiti
487 1120 595 1174 natura
614 1114 819 1176 blandientem
840 1115 931 1176 ieret:
958 1114 1045 1176 nilril‘

56 1215 201 1274 asperum
224 1196 422 1273 territumque
446 1198 581 1273 palpanti
602 1205 659 1258 est.
698 1196 845 1271 Quotiens
865 1196 1064 1274 disputatiolt

57 1283 176 1357 longior
189 1290 220 1343 et
233 1283 403 1358 pugnacior
417 1281 482 1355 erit,
497 1282 527 1341 in
543 1279 642 1355 prima
656 1281 845 1353 resistamus,
868 1289 1032 1357 antequam

55 1367 150 1426 robur
164 1364 302 1441 accipiat.
332 1365 385 1426 alit
405 1381 441 1425 se
461 1365 530 1440 ipsa
545 1365 698 1426 contentio
715 1373 745 1425 et
765 1365 920 1426 demissos
942 1365 1032 1426 altius

56 1457 147 1510 tenet.
172 1449 304 1509 Facilius
325 1455 428 1509 estse
448 1466 467 1509 a
487 1447 827 1510 certamineabstinere
840 1432 1030 1532 Qi‘abdu·
1055 1427 1180 1570 ’Ἕω

55 1548 137 1592 cere.

121 1616 170 1676 lX.
194 1614 299 1676 Studia
315 1630 440 1691 quoque
456 1614 598 1689 graviora
612 1616 766 1676 iracundis
782 1616 947 1677 onrittenda
962 1621 1033 1676 sunt
1047 1625 1062 1676 1

55 1706 109 1759 aut
123 1708 205 1760 certe
225 1700 299 1759 citra
314 1699 525 1759 lassitudinem
539 1700 713 1760 exercenda
727 1708 758 1760 et
771 1700 890 1759 animus
906 1716 967 1759 uon
985 1699 1031 1758 in-

57 1791 103 1844 ter
121 1785 209 1858 plura
223 1783 411 1855 versandus,
427 1783 482 1862 sed
498 1782 614 1843 artibus
630 1783 767 1844 amoenis
784 1783 968 1843 tradendus:
988 1784 1031 1842 le·

56 1867 116 1926 ctio
132 1868 213 1927 illum
231 1867 397 1927 cuminum
412 1865 545 1926 obleniat
566 1872 595 1926 et
612 1866 739 1926 historia
754 1866 866 1927 tabulis
887 1866 1030 1926 detineat.

54 1951 176 2010 mollius
191 1950 413 2023 delicatiusque
432 1955 584 2010 tractetur.
614 1949 806 2027 Pythagoras
828 1949 1060 2025 perturbatio-a

55 2048 113 2092 nes
128 2033 218 2093 animi
232 2032 300 2111 lyra
316 2033 520 2108 conpoaebat.
554 2033 623 2107 quis
638 2041 739 2094 autem
753 2033 873 2107 ignorat
887 2033 979 2093 lituos
1001 2038 1032 2092 et
1145 2057 1148 2061 ⁴

54 2114 147 2176 tubas
162 2117 384 2176 concitamenta
403 2131 490 2187 esse,
512 2116 592 2175 sicut
613 2116 765 2191 quosdam
785 2123 893 2176 cantus
913 2114 1031 2175 blandi·

55 2204 173 2269 menta,
191 2198 302 2272 quibus
317 2213 403 2257 mens
417 2199 610 2259 resolvaturl
637 2199 775 2260 contusis
790 2200 888 2260 oculis
902 2206 1033 2273 prosunt

55 2281 185 2342 virentia
200 2288 230 2340 et
247 2281 430 2356 quibusdam
445 2281 599 2343 coloribus
619 2283 739 2342 infirma
753 2282 836 2342 acies
851 2281 1030 2357 adquiescit

57 2365 260 2442 quorumdam
278 2364 444 2439 splendore
464 2365 711 2439 praestringitur:
732 2364 777 2423 sic
791 2371 908 2425 mentes
922 2379 1031 2438 aegras

56 2449 158 2511 studia
169 2450 249 2508 laeta
262 2448 461 2524 permulcent.
482 2448 604 2521 Forum,
620 2447 848 2522 advocationes,
860 2445 971 2509 iudicia
986 2448 1060 2512 lui

56 2549 130 2608 gere
146 2532 294 2594 debemus
309 2538 340 2592 et
355 2531 472 2604 omnia,
496 2546 575 2607 quae
596 2531 773 2595 exulcerant
792 2529 911 2606 vitium,
933 2546 1032 2606 aeque
1087 2595 1095 2606 ,

57 2632 167 2679 cavere
189 2616 246 2693 [oc]
260 2614 473 2677 lassitudinem
494 2615 652 2690 corporis=
672 2616 824 2677 consumit
843 2615 922 2675 enim
947 2614 1031 2689 quic·

57 2699 130 2775 quid
146 2701 176 2758 in
190 2698 279 2760 nobis
290 2700 363 2761 mite
375 2700 592 2775 placidumque
603 2706 652 2760 est
663 2706 693 2759 et
703 2699 785 2759 acria
797 2700 935 2761 eoncitat.
959 2698 1062 2761 ldeot

58 2783 169 2858 quibus
184 2783 361 2844 stomachus
376 2790 540 2859 suspectus
556 2791 612 2858 est,
627 2783 805 2858 processuri
820 2784 859 2843 ad
873 2797 925 2842 res
939 2797 1031 2857 agen·
1072 2780 1125 2804 '²‘
1153 2819 1157 2825 -

57 2867 114 2927 das
129 2864 253 2926 maioris
268 2865 382 2941 negotii
396 2867 487 2928 bilem
502 2866 571 2928 cibo
585 2873 770 2941 temperant,
792 2882 883 2940 quam
900 2864 1032 2924 maritae

57 2957 160 3011 movet
170 2949 314 3023 fatigatio,
322 2948 389 3010 sive
401 2949 474 3025 quia
485 2951 618 3012 calorem
629 2950 659 3009 in
672 2949 775 3010 media
784 2947 929 3022 conpellit
940 2954 971 3008 et
980 2962 1033 3006 no-

57 3040 105 3093 cet
116 3033 258 3106 sanguini
270 3047 457 3108 cursumque
466 3033 535 3095 eius
544 3033 632 3093 venis
643 3032 712 3095 labo
770 3031 851 3094 tibus
863 3030 952 3104 sistit,
966 3030 1032 3090 sive

58 3115 560 3192 quiacorpusadtenuatumetinii
667 3114 704 3175 int
756 3113 934 3175 rbitanimo.
951 3121 1033 3175 certe

57 3201 98 3263 ob
112 3200 252 3261 eamdem
267 3214 394 3261 causam
412 3199 480 3263 irao
528 3199 560 3265 iit
858 3208 897 3248 re
914 3205 967 3257 aut
982 3213 1031 3256 ae-

57 3291 118 3343 tate
132 3283 217 3344 lessi.
240 3283 351 3344 Fames
362 3297 488 3359 quoque
931 3279 1033 3340 'talida

56 3374 120 3428 est:
142 3374 307 3442 exasperat
327 3372 358 3427 et
372 3364 507 3431 ‘madia
985 3372 1062 3432 *aab

56 3451 144 3512 lasso
158 3448 256 3513 rixam
268 3467 316 3527 qua
425 3465 452 3513 at
