2378 3856
231 194 359 256 LUDUS
373 193 425 253 DE
439 144 571 256 Maura
587 195 751 255 CLAUDII.
776 202 906 258 13—15.
999 195 1061 259 275

88 350 214 409 Claudio
236 348 371 422 iniquum
392 347 490 421 magis
505 347 664 407 videbatur
678 362 769 421 quarn
789 361 911 406 novum.
948 347 993 406 De
1007 363 1060 422 ge·

87 448 161 491 nere
185 445 304 505 poenae
325 430 376 489 diu
392 430 586 504 disputatum
605 436 667 502 est,
691 429 766 504 quid
785 428 869 489 illum
890 431 952 505 pati
967 447 1058 505 opor·

86 523 183 576 teret:
212 521 299 576 crant
320 513 372 588 qui
392 511 544 588 dicerent,
573 514 600 572 si
621 513 710 584 unius
731 514 812 586 [diet]
836 512 995 573 dilaturam
1015 513 1057 573 le·

87 599 217 670 cissent,
237 594 662 671 Τιιιιιιιιιιιιιιιιιιιιιιιιιιιιιι,
682 596 743 656 nisi
756 595 798 654 illi
814 603 1057 656 succurreretur·

40 722 43 734 ι
87 682 162 777 [non
176 696 319 754 umquam
336 678 505 756 Sisyphum
521 694 613 740 onere
626 677 757 744 relevari
764 683 790 753 ,l
800 677 965 755 aliquando
977 679 1058 739 Ixio-

87 765 135 825 nis
156 762 261 824 miseri
278 769 376 823 rotam
396 760 674 823 sufflaminandanr.
715 761 782 822 Nou
807 761 922 835 placuit
946 762 999 821 ulli
1019 774 1090 828 exa

86 846 244 908 veteribus
254 861 432 912 missionem
443 841 522 920 dari
538 844 642 910 ιιιιιιι
649 843 791 908 claudus
803 859 949 924 umquam
960 843 1058 904 simule

86 938 236 1005 speraret.
270 919 385 990 Placuit
400 944 511 989 novam
522 945 655 1004 poenam
666 928 808 989 constrtur
820 928 949 1002 debere
965 944 1058 988 exco

85 1014 244 1090 gitandum
258 1013 301 1072 illi
316 1013 451 1072 laborem
465 1013 586 1073 inritans
604 1011 641 1071 et
654 1011 782 1072 alicuius
798 1011 971 1086 cupiditatis
987 1028 1057 1086 spe-

87 1095 166 1157 ciem
187 1097 254 1156 sine
277 1096 338 1155 fine
359 1102 389 1154 et
410 1095 530 1167 effectu.
568 1096 644 1156 Tum
660 1095 782 1154 Aeacus
797 1093 880 1154 iubet
892 1096 975 1154 illurn
991 1095 1058 1154 alea

85 1179 194 1240 ludere
209 1186 336 1255 pertuso
351 1178 462 1238 fritillo.
492 1187 521 1239 et
536 1180 595 1237 iam
610 1185 755 1252 coeperat
771 1178 921 1250 rugientes
937 1193 1059 1252 semper

86 1271 224 1323 tesseras
239 1277 390 1338 quaerere
401 1268 431 1320 et
444 1260 519 1321 nihil
532 1262 693 1335 proficere.

84 1347 153 1406 XV.
171 1347 392 1421 Namquoticns
406 1347 548 1405 masuras
561 1351 797 1405 erctresoncntc
806 1345 924 1417 fritillo,
1074 1344 1090 1413 1'

175 1430 308 1504 Utraque
317 1429 460 1489 subducto
468 1428 606 1503 sapiebat
618 1435 730 1488 tessera
740 1428 848 1500 fondo.

175 1514 302 1588 sumque
314 1515 482 1574 recollectos
496 1514 832 1573 coderetnra‘ttcretclos
887 1566 889 1568 .

52 1610 54 1612 ’
172 1598 288 1657 Laeuo
301 1599 404 1657 amatis
417 1612 531 1671 seraper
545 1602 719 1672 semperque
726 1597 845 1671 petenti,

143 1711 145 1715 .
176 1680 430 1754 Decepnrcfidcm.
455 1680 571 1754 arsapit
583 1681 745 1754 dnpitosm
754 1696 813 1755 por
825 1680 905 1752 ipsos

174 1765 286 1823 Follau
299 1764 425 1823 adsim
440 1764 582 1824 ddniimr
597 1767 666 1823 olco
676 1762 778 1834 surio:
792 1815 793 1818 ,

174 1846 224 1906 Sic
237 1863 304 1906 com
317 1851 379 1907 turn
390 1849 497 1907 amomi
508 1847 814 1922 munuscularios
828 1845 940 1918 martas
994 1881 996 1884 -

173 1929 272 1990 Inrita
286 1929 425 2006 Sisyphio
436 1933 590 1992 ιιοιυιιιιιιιν
602 1932 738 2006 pondera
751 1933 834 1990 collo

87 2012 243 2087 adparuit
262 2013 365 2074 subito
384 2013 414 2072 (ι.
430 2013 543 2089 caesor
564 2021 594 2074 ct
612 2021 718 2090 patene
736 2013 819 2074 illurn
838 2013 871 2072 in
884 2008 1092 2081 servitutcmp

89 2094 209 2170 coepit:
232 2097 373 2171 producit
385 2101 495 2170 testes,
517 2096 570 2172 qui
580 2098 664 2157 illum
678 2097 816 2156 uiderant
829 2096 868 2155 ab
883 2095 938 2155 illo·
946 2091 1061 2167 flagris,

89 2179 217 2252 inuiis,
246 2179 388 2255 colaphis
405 2181 609 2256 copulantem
656 2178 857 2240 Adiudicatur
878 2177 911 2238 c.
928 2172 1061 2236 Caesari

90 2262 205 2323 Caesar
223 2262 307 2336 illum
327 2265 432 2325 Aeaco
448 2263 550 2323 donat
582 2263 609 2323 is
623 2261 792 2323 Menandro
807 2260 914 2321 liberto
931 2274 992 2320 suo·
1004 2266 1064 2319 trax

90 2343 182 2419 didit,
196 2352 230 2407 ut
243 2363 262 2406 a
275 2345 503 2421 cognitionibus
516 2353 610 2407 essct

126 2439 205 2507 [ortu
222 2442 361 2495 cunuuu
367 2442 514 2495 ausurus
530 2441 727 2496 HOTHBQSIS
746 2441 868 2494 ΑΝΝΑΕΙ
887 2438 1049 2492 saltum

449 2525 513 2577 rna
530 2522 707 2593 sarasan]
