2378 3856
101 190 130 231 n
495 175 727 230 PRAEFATIO.

101 316 176 370 codd.
194 317 397 383 superstitionem
415 322 440 363 et
458 315 590 365 audaciam
606 315 632 363 in
648 314 794 363 deserendis
810 316 946 364 accusabit.
975 317 1010 361 Ar

101 386 218 447 quidem.
236 386 286 435 nisi
301 383 377 433 buius
388 384 508 433 editionis
519 382 655 432 consilinm
667 383 791 443 obstaret,
812 399 897 432 eorum
910 385 1020 432 omnium

100 470 149 521 ego
168 455 274 513 novari,
294 453 417 502 rationem
435 452 556 510 reddam
575 466 641 502 nuno
660 466 734 511 vern,
753 453 872 514 quoniam
892 453 918 501 id
932 454 955 499 io
970 453 1022 500 aliu

100 538 149 588 pus
166 520 332 574 differendum
350 528 402 580 est,
419 520 484 571 illud
498 534 600 570 monere
616 521 679 570 satis
693 519 789 581 habeo,
810 536 860 570 non
879 521 958 570 luisse
975 522 1023 569 mih

99 592 220 642 librorum
238 604 300 641 mss.
322 591 408 657 coplas
424 590 473 639 nisi
492 604 554 652 quas
571 588 700 640 i'iclsertus
719 588 834 654 protulit,
862 606 907 639 nec
924 605 1013 639 causas

100 660 230 710 dationum
249 670 362 711 mmm
378 658 435 711 dits
453 659 528 709 rebus
547 659 669 709 contineri
688 659 737 707 uisi
755 658 838 722 ipsius
848 656 960 707 Senecae
975 672 997 707 et
1014 661 1022 708 i

97 743 147 791 qne
172 743 199 778 rs
222 726 327 778 oonsilio
346 736 371 778 et
389 742 437 777 usu
455 726 555 777 dicendi
572 727 685 776 studiose
704 728 845 777 observato.
884 726 939 775 Non
959 739 1023 776 tame

96 796 207 849 dandum
226 806 264 847 sat
282 799 367 847 tenuia
382 796 445 846 baec
461 810 517 845 esse
530 805 554 845 et
569 811 658 861 parum
668 795 741 845 firma
754 794 863 854 auxilia,
883 812 1023 858 quamquem

96 867 187 930 qulbus
206 864 301 917 &neos
318 866 434 916 videatur
455 865 519 915 adeo
537 873 605 914 totns
625 863 664 913 vel
682 879 763 914 rerum
780 880 844 927 quas
864 874 950 914 tractat
971 866 1023 914 stud

96 936 231 987 verborum
246 943 271 986 st
286 934 465 984 sententiamm
481 933 560 984 nitido
579 943 667 984 ornatu
683 944 818 998 occupatus
834 934 928 993 luisse,
950 946 974 982 ut
986 937 1023 982 sin

95 1003 153 1055 silio
173 1004 226 1055 tere
245 1012 269 1053 et
287 1004 342 1054 sine
361 1003 447 1052 ordine
466 1017 531 1064 quae
551 1002 633 1053 dicere
657 1002 732 1052 vellet
755 1002 892 1052 effunderet
916 1012 939 1051 et
964 1004 1023 1052 artifl

95 1073 215 1123 orationis
235 1072 339 1122 ilnmine
358 1086 440 1137 vagus
462 1071 583 1131 ferretur,
609 1086 660 1120 nou
679 1081 762 1121 antem
781 1072 814 1121 ad
833 1081 928 1122 certum
946 1072 1020 1121 finem

94 1143 177 1207 grsdn
194 1141 371 1200 contenderem
395 1141 497 1190 dicendi
512 1156 571 1190 vero
591 1140 748 1190 consuetudo
766 1149 824 1204 post
850 1141 987 1191 laudabilia
1010 1143 1023 1189 i

93 1210 173 1275 phsnl
188 1210 274 1260 studia
291 1209 356 1260 adeo
377 1208 493 1274 neglecta
512 1211 602 1267 iacuit,
626 1220 654 1258 ut
672 1211 703 1258 ab
722 1211 777 1258 eius
796 1209 916 1276 diligente
938 1212 1023 1260 obsera

93 1286 214 1343 qnantum
231 1278 352 1345 praesidii
370 1278 396 1326 iu
415 1278 565 1328 emendandi
582 1280 685 1344 negotio
703 1289 788 1342 petere
806 1277 894 1337 liceat,
917 1280 1023 1329 nondum

93 1362 221 1412 quoquam
235 1348 441 1399 demonstratum.
479 1345 530 1397 Sed
543 1347 574 1397 de
586 1347 674 1397 ordine
689 1347 792 1410 quidem
807 1346 899 1398 falsam
912 1364 968 1397 esse
983 1349 1023 1396 vul

93 1418 253 1482 opinionem,
272 1431 320 1481 ego
338 1416 430 1464 tacitns
450 1431 515 1465 nnnc
532 1418 588 1479 ipsa
604 1414 743 1465 litterarum
760 1415 842 1466 forma
853 1417 957 1481 planum
972 1418 1023 1465 leci

92 1486 166 1545 deon
182 1500 213 1536 ea
230 1484 296 1535 enim
313 1485 404 1543 rerba,
423 1486 515 1547 quibus
532 1487 673 1549 argumenti
692 1499 792 1535 summu
808 1496 832 1535 et
850 1495 934 1550 partes
950 1488 980 1535 ab
997 1488 1022 1549 ip

91 1569 154 1605 neca
175 1553 332 1610 indicantur,
355 1553 466 1602 diductis
490 1554 579 1602 litteris
603 1554 750 1617 plerumque
769 1555 936 1605 describenda
958 1571 1023 1602 curo*

91 1624 173 1686 siquis
192 1622 231 1672 vel
249 1622 409 1672 mediocriter
427 1623 554 1671 attendere
573 1621 648 1680 velit,
672 1623 704 1671 de
722 1623 817 1672 ordinis
837 1624 954 1688 neglectu
972 1640 1021 1685 que

91 1691 228 1742 admodum
246 1693 336 1755 possit.
373 1689 436 1739 Nam
454 1692 543 1755 negari
562 1706 624 1739 saue
643 1707 691 1740 riou
708 1700 805 1755 potest,
830 1693 904 1741 sicuti
920 1707 1023 1755 praecep

90 1759 201 1811 Senonas
225 1759 362 1810 Fabianum
382 1760 512 1823 Papirium
529 1767 627 1808 constat
646 1760 783 1822 aliquando
801 1762 826 1808 in
845 1760 1008 1809 declamando

89 1828 197 1894 sophum
221 1828 314 1886 luisse,
341 1830 376 1877 ita
401 1826 523 1878 Senecam
548 1843 605 1876 esse
628 1830 653 1876 iu
680 1827 884 1893 philosophando
905 1829 1023 1877 declama⁴

89 1898 132 1959 qul
148 1896 222 1947 tuelle
236 1911 264 1946 se
280 1897 444 1947 ostentandae
460 1899 520 1947 artis
534 1898 667 1946 occasione
679 1912 729 1946 are
739 1898 870 1961 proposita
878 1898 969 1946 abduci
979 1914 1023 1961 par

87 1966 213 2031 patiatur,
230 1973 271 2024 ut,
291 1966 359 2029 qnod
373 1964 541 2024 Quintilianus
554 1967 603 2024 ait,
621 1966 665 2014 fiat
675 1968 755 2015 oratio
765 1965 821 2015 eius
831 1967 936 2015 sinuosa
946 1974 970 2013 et
980 1983 1023 2015 aee

88 2033 315 2099 descriptionibus,
337 2036 362 2084 iu
380 2050 443 2096 quas
457 2035 570 2100 plerique
588 2036 727 2084 imitatione
739 2035 855 2098 poeticae
875 2036 991 2084 licentiae
1011 2037 1023 2084 d

87 2114 141 2162 tur,
160 2102 283 2153 lasciviat.
322 2102 389 2152 Satis
408 2113 446 2152 est
465 2106 519 2153 eins
534 2105 571 2152 rei
589 2118 666 2152 unum
685 2104 784 2167 insigne
803 2111 904 2167 praeter
922 2113 1005 2153 cetera

87 2171 158 2236 plnm
176 2186 317 2221 memorare
334 2187 348 2221 e
365 2171 421 2221 Nat.
437 2173 549 2232 Quaeso.
564 2172 664 2230 libili,
682 2188 704 2221 c.
714 2173 747 2221 27
763 2186 818 2234 sqq.
831 2172 875 2221 ubi
887 2182 986 2236 arrepta
998 2174 1023 2222 b<

87 2239 224 2290 luxurianti
248 2241 351 2306 ingenio
375 2243 480 2291 materia
504 2240 606 2292 fatalem
625 2241 714 2290 diluvii
734 2240 801 2290 diem
819 2241 938 2291 describit
955 2257 1001 2290 neo
1021 2262 1023 2288 :

87 2309 153 2359 latur
169 2308 245 2359 modo
263 2308 382 2360 Ovidium
400 2311 541 2361 sedetiam
560 2319 639 2359 artem
657 2311 712 2358 eius
730 2311 866 2360 examinat.
904 2310 955 2359 Sed
982 2313 1023 2359 ein

87 2376 237 2429 emblemata
255 2380 363 2429 orationi
382 2379 471 2430 ordine
489 2380 636 2444 procedenti
652 2394 750 2428 moram
762 2393 823 2429 sane
838 2381 973 2437 obiiciunt,
994 2397 1023 2428 or

85 2446 190 2508 quidem
212 2447 296 2512 ipsum
314 2462 365 2497 non
383 2448 492 2499 turbant.
530 2448 646 2499 Ceterum
664 2449 799 2512 quominus
817 2456 885 2498 recte
903 2449 997 2509 ubique
1016 2466 1023 2498 r

86 2516 126 2565 nis
144 2516 297 2566 continuitas
312 2524 337 2565 el
348 2530 499 2581 progressus
511 2517 706 2581 intelligeretur,
725 2516 794 2566 hand
806 2517 928 2582 exignum
941 2518 1023 2581 imped

85 2591 139 2634 tum
155 2583 203 2635 mit
220 2585 415 2650 perversissima
432 2599 509 2649 saepe
527 2587 641 2649 capitum
659 2594 684 2635 et
701 2587 826 2635 minomm
844 2588 956 2650 partium
968 2586 1023 2636 disti

85 2651 150 2703 adso
167 2651 211 2702 iila
230 2653 375 2718 importuna
392 2668 593 2718 nonnumquam,
618 2663 646 2703 ut
664 2669 715 2703 non
734 2652 821 2704 solnm.
833 2656 959 2705 sententie
977 2657 1023 2704 scri

86 2722 261 2772 obscuraretur
277 2722 324 2771 sed
341 2723 399 2787 ipsa
417 2724 492 2772 etiam
509 2724 636 2787 scriptura
653 2732 854 2788 corrumperetur
871 2733 915 2773 ant
931 2740 1021 2788 corrup

86 2796 126 2839 cta
143 2790 272 2841 emendari
290 2804 341 2840 nou
356 2800 455 2855 posset3
475 2806 505 2841 ac
522 2791 636 2841 Fickerto
654 2793 756 2854 quidem
775 2792 892 2856 religioni
910 2793 958 2842 init
975 2794 1001 2840 in
1016 2792 1023 2840 l

85 2864 184 2909 mutare
198 2859 348 2924 quicquam,
363 2859 461 2910 scilicet
474 2875 505 2909 ne
517 2862 644 2909 variarum
658 2861 798 2911 editionum
812 2863 910 2911 numeri
919 2861 1023 2926 discrep¹

85 2941 99 2976 s
119 2942 134 2976 o
152 2942 214 2978 vero
232 2926 301 2991 quod
318 2927 381 2977 mihi
399 2929 504 2995 graciam
519 2929 706 2978 incommodum
723 2931 807 2979 risum
825 2938 876 2990 est,
899 2930 1005 2988 sustuli,

84 2994 103 3045 ll
115 2995 151 3047 nd
164 2995 298 3047 serendum
311 2998 472 3057 existimavi,
491 3013 520 3046 eo
533 3006 617 3048 tamen
630 3005 827 3064 temperamento
840 3014 917 3058 usus,
935 3005 963 3045 ut
972 3014 1022 3048 non

84 3065 111 3115 ln
133 3078 162 3115 re
185 3066 284 3131 integra
305 3078 397 3115 novam
420 3066 606 3116 distinctionem
630 3067 754 3132 iacerem,
779 3067 826 3117 sed
847 3067 978 3131 vulgarem
1002 3068 1023 3118 fe

85 3133 170 3197 qnoad
186 3132 242 3183 eius
258 3133 315 3184 lieri
331 3135 386 3183 sins
404 3150 494 3185 sensus
514 3136 662 3186 detrimento
675 3144 777 3201 posset,
795 3137 958 3200 capitumque
971 3151 1023 3186 nnn

84 3200 227 3253 minuerem
244 3216 393 3265 numquam,
420 3218 539 3269 ungerem
558 3221 628 3264 raro,
652 3205 697 3255 nbi
715 3206 759 3269 qni
776 3219 807 3254 ea
823 3205 921 3269 primus
940 3205 1023 3254 divisit

84 3270 179 3323 livione
197 3271 308 3333 aliquem
325 3270 409 3322 locum
421 3275 592 3325 transmisisse
606 3274 715 3324 videtur.
751 3275 884 3323 Praeterea
895 3287 960 3334 quae
974 3281 1023 3324 tam

85 3338 227 3392 ademarii
251 3340 327 3391 verbs
347 3342 401 3390 suis
426 3343 583 3408 interponere
601 3343 665 3392 solet
683 3341 793 3401 Seneca,
812 3341 874 3391 utile
892 3342 1003 3391 indicaui
1022 3365 1023 3391 l

83 3408 175 3464 nostris
193 3422 339 3469 secsmem,
358 3411 477 3473 qnoniam
494 3412 521 3461 id
538 3427 638 3474 qnoque
653 3411 759 3460 muitum
778 3411 861 3460 iacere
878 3410 911 3459 ad
928 3425 1023 3460 errores

119 3477 211 3529 'tendes
232 3477 411 3528 animadverti.
