2378 3856
238 202 339 262 DIAL.
358 203 409 261 lV.
444 202 495 263 DE
517 203 586 263 IRA
606 203 679 276 LlB.
701 204 737 262 ΙΙ.
761 213 893 266 12·-15.
1012 205 1053 272 63

68 356 281 416 minuendam:
303 363 367 424 tota
381 355 554 428 dimittatur,
570 354 641 414 nihil
658 357 818 430 profutura
832 365 888 417 est.
921 357 988 432 sine
1002 361 1054 421 illa

68 438 188 499 facilius
213 437 390 514 rectiusque
414 441 534 498 seelera
557 439 713 512 tollentur,
739 440 811 499 mali
837 441 1000 514 punientur
1023 453 1054 506 et

69 523 304 584 transducentur
318 523 348 582 in
372 522 489 582 melius.
524 520 631 581 Omnia
644 538 725 597 quac
739 523 832 584 debet
845 524 970 600 sapiens
985 529 1052 587 sine

67 607 160 667 ullius
180 608 280 666 malae
305 607 352 666 rei
376 604 542 667 ministerio
567 604 679 666 efficiet
703 605 838 681 nihilque
864 607 1051 685 admiscebit,

69 691 156 750 cuius
173 689 297 750 modurn
312 689 472 750 sollicitius
488 689 640 749 observet.

131 774 211 833 XIV.
243 773 415 848 Numquam
430 773 533 847 itaque
548 772 706 833 iracundia
720 772 906 834 admittenda
921 784 983 851 est,
999 779 1051 837 ali·
1066 786 1078 839 l

69 858 193 932 quando
209 856 389 929 simulanda,
405 855 433 915 si
448 870 560 930 segnes
577 855 761 917 audientium
774 857 865 918 animi
877 861 1049 920 concitandi

68 948 155 1014 sunt,
177 938 256 1000 sicut
270 941 357 1000 tarde
373 945 595 1014 consurgentes
610 939 650 998 ad
666 956 787 1000 cursum
803 957 902 1017 equos
918 944 1048 1004 stimulis

67 1024 250 1097 facibusque
261 1023 391 1084 subditis
404 1022 582 1085 excitamus.
610 1021 776 1098 aliquando
794 1025 986 1088 incutiendus
1002 1035 1050 1088 est

67 1107 104 1168 iis
119 1114 218 1177 metus
233 1108 314 1182 apud
331 1124 410 1182 quos
424 1108 501 1166 ratio
517 1121 579 1166 non
594 1107 729 1183 proficit=
745 1107 835 1169 irasci
851 1109 973 1184 quidem
989 1127 1047 1170 non

67 1191 163 1266 magis
177 1191 250 1250 utile
265 1196 313 1250 est
328 1207 418 1266 quarn
434 1205 582 1264 moerere,
594 1207 685 1265 quam
698 1200 841 1251 metuere.
865 1192 943 1266 Quid
954 1202 1077 1268 ergotn

66 1291 128 1335 non
145 1273 282 1334 incidunt
296 1289 409 1333 causae
423 1290 503 1349 quae
518 1274 593 1334 iram
610 1275 784 1335 lacessant?
815 1276 872 1335 sed
892 1284 964 1336 tunc
985 1294 1047 1337 ma-

65 1359 147 1417 xime
163 1357 204 1417 illi
221 1359 426 1432 opponendae
446 1373 555 1417 manus
577 1364 655 1417 sunt.
689 1373 747 1417 nec
770 1366 818 1419 est
838 1358 962 1420 difficile
982 1362 1046 1419 vin-

66 1457 137 1500 cere
152 1441 294 1514 animum,
311 1457 381 1500 oum
395 1441 526 1500 athletae
544 1457 668 1516 quoque
683 1439 714 1500 in
728 1441 877 1502 vilissima
894 1442 942 1503 sui
959 1450 1046 1517 parte

66 1525 208 1600 occupati
222 1533 322 1585 tomen
345 1525 423 1584 ictus
438 1525 625 1599 doloresque
641 1525 806 1600 patiantur,
830 1532 863 1585 ut
878 1525 960 1586 vires
976 1543 1031 1586 cae

66 1609 166 1668 dentis
182 1607 377 1681 exhauriant,
403 1623 461 1668 nec
476 1625 544 1668 cum
560 1608 605 1668 ira
619 1609 743 1683 suadet,
764 1608 888 1682 feriunt,
905 1612 963 1670 sed
977 1625 1063 1674 cum.

65 1693 199 1752 occasio.
240 1691 390 1770 Pyrrhum
414 1690 579 1751 maximum
606 1698 838 1768 praeceptorem
872 1695 1072 1770 certaminis3

64 1773 202 1852 gymnici
219 1776 340 1836 solitum
355 1775 440 1836 aiunt
454 1776 491 1835 iis
509 1791 588 1850 quos
604 1776 780 1847 exercebat,
796 1776 990 1851 praecipere,
1006 1794 1045 1836 ne

63 1861 277 1919 irascerentur.
310 1859 355 1918 ira
372 1860 451 1918 enim
467 1860 624 1934 perturbat
637 1867 730 1935 artem
745 1866 775 1919 et
790 1876 851 1933 qua
861 1867 1044 1921 nocenttan·

67 1953 127 2001 tum
143 1940 284 2017 adspicit.
324 1958 420 2018 saepe
440 1945 543 2017 itaque
557 1943 634 2003 ratio
657 1941 831 2018 patientiam
852 1944 975 2019 suadet,
1000 1945 1045 2004 ira

64 2025 244 2097 vindictam,
266 2032 295 2085 et
314 2026 366 2101 qui
383 2026 487 2101 primis
503 2026 627 2101 defungi
642 2026 728 2086 malis
743 2025 912 2101 potuimus,
936 2029 965 2086 in
981 2044 1043 2086 ma-

64 2111 132 2168 iora
152 2108 351 2169 devolvimur.
372 2111 539 2182 ¹Quosdam
562 2109 651 2171 unius
672 2108 757 2168 verbi
778 2111 960 2170 contumelia
981 2116 1072 2170 none

63 2207 166 2267 aequo
182 2192 282 2250 animo
298 2194 401 2252 lata-in
423 2194 546 2252 exilium
562 2194 697 2268 proiecit.
733 2199 762 2251 et
784 2194 836 2268 qui
851 2194 948 2252 levem
965 2193 1042 2253 iniu-

60 2277 138 2335 riam
168 2274 299 2336 silentio
314 2277 392 2335 ferre
417 2279 592 2347 noluerant,
616 2275 805 2351 gravissimis
831 2277 918 2334 malis
944 2277 1043 2337 obruti

62 2366 149 2432 sunt,
176 2357 385 2434 indignatique
402 2359 517 2435 aliquid
538 2376 577 2419 ex
599 2359 776 2435 plenissima
795 2359 933 2418 libertate
949 2360 1042 2419 demi·

60 2443 122 2515 nui,
139 2443 251 2502 servile
265 2444 295 2502 in
311 2459 382 2524 sese
397 2443 595 2503 adtraxerunt
609 2443 721 2516 iugum.

123 2526 189 2585 XV.
212 2527 275 2599 ,tn
289 2528 380 2600 scias,
396 2526 501 2603 inquit,
518 2529 592 2586 iram
608 2527 721 2585 habere
736 2527 766 2584 in
783 2543 817 2585 se
835 2527 977 2601 generosi
990 2526 1069 2585 ali-l

61 2610 143 2684 quid
163 2611 275 2670 liberas
290 2611 410 2671 videbis
425 2618 541 2687 gentes,
555 2626 635 2686 quae
650 2610 902 2670 iracundissimae
917 2617 998 2683 sunt,
1010 2617 1043 2669 ut

60 2693 229 2754 Germanos
245 2702 275 2755 et
289 2694 453 2772 Scythas.“
488 2696 572 2770 quod
592 2695 707 2767 evenit,
731 2694 802 2768 quia
822 2691 913 2753 fortia
928 2693 1040 2754 solida-

60 2792 122 2851 que
133 2785 240 2858 natura
254 2777 384 2852 ingenia,
400 2785 562 2853 antequam
578 2778 929 2853 disciplinamolliantur,
943 2791 1041 2851 prona
1101 2839 1103 2844 ,

58 2861 88 2918 in
108 2858 182 2920 iram
205 2869 286 2922 sunt.
321 2863 471 2937 quaedam
493 2862 572 2921 enim
595 2877 655 2921 non
677 2861 736 2919 nisi
756 2859 932 2920 melioribus
953 2860 1039 2917 inna-

58 2952 187 3004 scuntur
211 2943 355 3019 ingeniis,
370 2944 461 3005 sicut
484 2944 586 3003 valida
606 2945 730 3003 arbusta
750 2948 780 3001 et
800 2943 877 3001 laeta
899 2940 1039 3017 quamvis

57 3029 199 3102 neglecta
213 3028 303 3088 tellus
319 3036 415 3101 creat,
432 3035 462 3087 et
476 3028 536 3087 alia
550 3027 674 3087 fecundi
689 3026 747 3086 soli
762 3026 839 3084 silva
854 3031 915 3084 esta
936 3024 1067 3099 itaque²

57 3118 89 3171 et
103 3112 225 3187 ingenia
239 3119 347 3171 natura
361 3112 451 3171 fortia
464 3110 652 3171 iracundiam
671 3112 771 3168 ferunt
791 3109 928 3183 nihilque
948 3116 1039 3169 tenue

57 3202 88 3255 et
103 3197 182 3255 exile
197 3196 324 3270 capiunt
337 3197 426 3269 ignea
441 3203 470 3255 et
485 3194 619 3267 fervida,
641 3194 698 3254 sed
719 3194 904 3268 inperfectus
919 3193 979 3253 illis
994 3192 1038 3251 vi-

56 3294 114 3352 gor
129 3286 185 3352 est,
201 3286 235 3340 ut
250 3279 400 3349 omnibus,
418 3295 497 3352 quae
513 3277 579 3339 sine
595 3284 658 3338 arte
672 3277 771 3352 ipsius
785 3283 901 3337 tantum
912 3283 1038 3336 naturae

54 3362 138 3423 bono
155 3370 332 3436 exsurgunt.
368 3362 425 3421 sed
446 3362 504 3422 nisi
519 3362 579 3421 cito
595 3359 709 3420 domita
724 3366 809 3434 sunt,
827 3375 906 3434 quae
921 3357 1036 3418 fortitu·

57 3446 119 3506 dini
132 3453 204 3522 apta
215 3453 309 3520 erant,
324 3445 471 3505 audaciae
478 3445 699 3519 temeritatique
711 3446 926 3504 consuescunt.
943 3439 1066 3513 quidt3
