2378 3856
173 201 216 263 lt
462 204 495 260 L.
518 201 664 261 ANNAEI
688 199 863 261 SENECAE

143 352 231 413 lhos
258 361 355 412 tameo
381 349 509 424 Hispani
535 350 673 424 Gallique
692 355 722 408 et
741 348 834 409 Asiae
855 347 1026 426 Syriaeque
1042 352 1148 414 molles

172 437 252 496 bello
276 434 347 505 viri,
373 441 535 508 antequam
559 432 639 506 legio
665 432 793 504 visatur,
819 433 950 494 caedunt
977 434 1017 495 ob
1037 435 1148 497 nrrtlant

173 520 261 578 aliam
281 533 345 576 rem
371 523 561 592 opportunos
587 531 679 590 quarn
700 515 896 577 iracundiam.
929 517 1072 591 Agedum
1091 518 1147 581 illis

173 600 370 676 corporibus,
385 600 445 660 illis
461 601 568 660 animis
585 599 725 672 delicias,
748 600 867 672 luxum,
890 615 967 675 opes
982 600 1146 676 ignoranti·

171 684 229 743 bus
251 686 290 744 da
309 685 473 757 rationem,
499 684 539 743 da
559 682 764 758 disciplinam:
789 691 823 743 ut
836 683 879 741 nil
893 682 1024 759 amplius
1039 684 1147 761 dicam

141 777 300 827 enecasse
314 766 371 827 erit
385 774 468 828 certe
489 767 579 827 nobis
597 781 698 825 mores
719 766 876 827 Romanos
893 775 1043 841 repetere.
1083 769 1146 843 Quo

170 852 229 911 alio
244 851 357 911 Fabius
371 851 508 910 adiectas
522 848 640 924 imperii
661 850 743 909 vires
764 850 927 924 recreavit,
950 866 1043 925 quam
1066 852 1147 927 quod

170 935 303 994 cuncuri
318 941 350 994 et
363 933 482 992 trahere
497 939 527 992 et
540 934 652 993 morari
673 932 774 1005 scivit,
797 948 877 1008 quae
897 933 999 994 omnia
1013 934 1082 994 irati
1097 951 1147 995 uc·

169 1018 292 1077 sciuntl
321 1016 454 1076 Perierat
467 1015 636 1090 imperium,
656 1015 739 1090 quod
753 1023 824 1076 tunc
838 1018 868 1075 ln
883 1024 1019 1077 extremo
1037 1018 1146 1091 stabat,

167 1101 194 1158 si
208 1099 321 1168 Fabius
336 1106 450 1159 tantum
464 1116 560 1159 ausus
581 1107 665 1181 esset
684 1106 830 1173 quantum
851 1099 896 1159 ira
910 1099 1075 1162 suadebat:
1096 1102 1147 1162 ha·

168 1183 233 1243 buit
247 1184 276 1242 in
292 1183 420 1244 consilio
437 1184 589 1244 fortunam
609 1180 761 1258 publicam
782 1190 813 1242 ct
833 1183 998 1245 aestimatis
1019 1185 1145 1260 viribus,

168 1281 208 1324 ex
227 1267 339 1341 quibus
354 1267 414 1327 iam
430 1265 529 1343 perire
550 1264 624 1326 nihil
646 1267 712 1326 sine
734 1264 879 1326 universo
901 1273 1036 1342 poterat,
1059 1268 1145 1330 dolo·

168 1365 231 1408 rem
246 1351 453 1425 ultionemque
468 1349 616 1425 seposuit.
649 1350 678 1408 io
688 1365 781 1408 unam
791 1349 948 1411 utilitatem
962 1359 993 1410 et
1008 1352 1145 1414 occasio·

139 1433 224 1493 dues
253 1435 386 1494 intentus
411 1433 486 1493 iram
510 1440 580 1492 ante
604 1431 675 1491 vicit
702 1449 792 1506 quam
817 1432 1027 1494 Hannibalem.
1069 1435 1145 1509 Quid

169 1515 294 1589 Scipiot
328 1533 389 1577 uon
410 1515 516 1576 relicto
535 1515 704 1575 Hannibale
719 1523 749 1575 et
762 1515 877 1575 Punico
893 1518 1030 1578 exercitu
1051 1520 1144 1579 omnl-

166 1599 289 1673 busque
304 1598 415 1674 quibus
429 1599 622 1658 irascendum
638 1606 710 1671 erat,
723 1599 835 1659 bellum
849 1601 880 1659 io
898 1599 1034 1660 Africam
1048 1609 1144 1663 trans·

86 1755 88 1760 ,
166 1681 232 1741 tulit
245 1690 303 1742 tam
319 1684 433 1756 lentus,
449 1690 482 1742 ut
497 1682 671 1756 opinionem
693 1682 831 1742 luxuriae
851 1683 1064 1760 segnitiaeque
1084 1703 1141 1747 ma·

137 1765 256 1839 'ilignis
278 1767 384 1826 darett
425 1765 504 1840 Quid
522 1767 598 1824 alter
618 1764 743 1840 Scipiol
773 1781 834 1825 noa
856 1767 938 1827 circa
956 1767 1145 1831 Numantiam

165 1851 291 1909 multum
306 1850 420 1924 diuque
435 1847 515 1909 sedit
530 1856 560 1909 et
573 1848 654 1908 hunc
670 1864 759 1908 suum
778 1850 993 1926 publicumque
1006 1852 1145 1914 dolorem

165 1947 265 2007 aequo
280 1933 380 1992 animo
395 1933 475 2005 tulit,
491 1932 604 1992 diutius
622 1931 812 1993 Numantiam
828 1950 920 2009 quam
934 1934 1145 2011 Carthaginem

166 2015 268 2074 vincit
302 2016 374 2074 dum
390 2017 596 2075 circumvallat
610 2023 640 2076 et
653 2016 780 2077 includit
792 2016 928 2090 hostem,
945 2032 982 2077 eo
998 2021 1142 2095 conpulit

134 2096 196 2158 8ut
210 2099 289 2158 terro
305 2098 365 2173 ipsi
386 2098 613 2159 succederent.
655 2099 723 2160 Non
748 2106 796 2159 est
816 2100 920 2175 itaque
941 2101 1023 2162 utilis
1050 2119 1090 2164 ne
1113 2105 1141 2163 in

164 2183 288 2255 proeliis
305 2181 428 2258 quidem
442 2189 494 2243 aut
507 2183 595 2244 bellis
610 2183 664 2242 ira.
694 2183 725 2242 in
740 2183 1032 2250 temeritatemeaim
1043 2203 1142 2262 prona

163 2274 224 2336 est,
247 2274 277 2327 et
291 2266 427 2342 pericula
441 2266 513 2326 dum
528 2266 638 2326 inlerre
653 2266 731 2337 vult,
753 2282 815 2326 non
836 2276 932 2329 cavet
968 2268 1024 2329 llla
1038 2271 1142 2333 certis·

163 2350 240 2409 sima
255 2357 303 2410 est
317 2352 415 2411 virtus
436 2366 517 2425 quae
537 2365 572 2409 se
593 2350 646 2410 diu
666 2350 854 2424 multumque
874 2352 1094 2428 circumspexit
1114 2360 1143 2414 et

162 2434 240 2492 rexit
254 2442 284 2494 et
298 2450 336 2493 ex
352 2436 432 2495 lento
449 2449 485 2493 ac
500 2434 650 2494 destinato
668 2434 817 2509 provexit.

133 2521 149 2573 1
222 2516 286 2574 llll.
308 2516 408 2589 „Quid
423 2521 518 2589 ergot
540 2516 674 2589 [inquit]
690 2517 851 2577 virbonus
866 2533 926 2578 non
942 2518 1094 2595 irascitur,
1115 2521 1142 2581 si

162 2598 249 2656 caedi
265 2605 381 2672 patrem
397 2614 486 2659 suum
499 2598 618 2670 viderit,
634 2600 660 2657 si
675 2600 741 2673 rapi
756 2605 925 2660 matremt“
947 2601 1014 2663 Non
1028 2603 1141 2665 irasce-

161 2687 225 2752 tur,
246 2682 302 2740 sed
316 2679 497 2753 vindicabit,
513 2682 569 2740 sed
584 2682 724 2743 tuebitur.
757 2681 833 2756 Quid
848 2690 971 2745 autemt
991 2686 1089 2760 times,
1105 2702 1143 2747 ne

162 2778 268 2837 parum
289 2779 417 2838 magnus
438 2764 480 2823 illi
496 2764 635 2825 stimulus
651 2765 740 2826 etiam
755 2766 822 2826 sine
837 2767 882 2826 ira
895 2768 993 2844 pietas
1010 2770 1071 2830 sitt
1092 2776 1144 2831 aut

160 2844 209 2906 dic
230 2848 340 2909 eudem
360 2847 468 2907 modo=
491 2846 569 2921 Quid
583 2854 680 2924 ergot
700 2865 770 2910 cum
783 2850 886 2912 videat
907 2850 1006 2912 secari
1027 2861 1142 2927 patrem

159 2947 248 2990 suum
265 2931 412 3004 filiumve,
426 2931 589 2992 virbonus
604 2949 666 2993 non
682 2930 767 2992 flebit
780 2949 837 2993 nec
850 2934 1005 3008 linquetur
1017 2938 1144 2997 animat

160 3030 239 3087 quae
253 3016 394 3075 accidere
409 3015 529 3076 leminis
544 3014 699 3090 videmus,
723 3018 864 3092 quotiens
885 3018 952 3078 illas
967 3019 1046 3080 levis
1062 3020 1141 3096 peri-

128 3097 216 3154 iculi
238 3099 374 3171 suspicio
398 3099 536 3172 perculit.
570 3098 679 3160 Olllcia
700 3115 757 3159 sua
776 3101 938 3162 virbonus
960 3107 1142 3178 exsequitur

157 3177 353 3252 inconfusus,
374 3179 555 3254 intrepidus.
585 3190 615 3242 et
634 3183 679 3241 sic
693 3183 775 3242 bono
792 3181 857 3244 viro
873 3184 966 3259 digna
980 3186 1087 3259 lacict,
1110 3194 1142 3246 ut

157 3261 230 3320 nihil
257 3261 349 3321 faciat
368 3263 434 3322 viro
459 3264 625 3338 indignum.
670 3264 758 3326 Pater
779 3267 939 3328 caedetur=
965 3270 1141 3331 delendam.

128 3347 267 3407 craesus
283 3353 345 3406 est:
360 3362 530 3422 exsequar,
550 3349 623 3424 quia
638 3357 772 3425 oportet,
787 3366 849 3411 non
866 3351 938 3426 quia
951 3353 1042 3414 dolet.
1068 3353 1142 3414 Cum

156 3427 323 3511 medicis,
339 3430 564 3508 Theophraste,
588 3434 712 3509 quaeris
727 3433 873 3495 invidiam
887 3437 1062 3512 praeceptis
1079 3436 1139 3497 lor·
