2378 3856
174 206 236 272 128
373 205 407 266 L.
428 204 574 264 ANNAEl
597 202 771 263 SENECAE
792 200 894 262 atAt.
914 201 971 261 vt.

173 353 624 418 Dicitomnibusnobisnatura=
647 351 822 425 „Neminem
829 348 965 426 decipio.
979 359 1012 411 tu
1030 350 1060 413 si
1074 352 1152 415 illics

174 439 343 510 sustuleris,
359 438 475 513 poteris
488 436 603 496 habere
619 435 782 506 formosos,
805 441 836 493 et
849 433 1010 495 deformes
1026 438 1152 511 poteris.

173 527 306 584 tortasse
321 524 436 597 [pauca
445 520 586 593 fortasse]
602 518 685 578 multi
699 524 873 578 nascentur.
895 532 970 578 esse
983 518 1103 595 aliquis
1116 536 1153 581 cx

141 607 231 671 lillis
245 613 305 665 tum
321 611 460 664 servator
480 602 595 678 patriae
610 617 702 676 quam
724 600 862 676 proditor
876 601 998 677 poterit
1023 618 1089 665 nou
1108 610 1153 664 est

174 690 259 764 quod
279 688 428 762 desperes
448 694 549 746 tantae
572 682 756 759 dignationis
778 684 907 758 tuturos,
927 692 962 745 ut
982 700 1078 748 nemo
1102 686 1151 747 tibi

172 780 299 848 propter
312 771 382 831 illos
396 768 579 829 maledicere
590 768 715 828 audeat:
732 782 873 842 propone
886 774 989 827 tamen
1004 776 1039 829 et
1052 776 1152 831 tantm

173 855 291 917 tuturos
304 851 507 929 turpitudinis,
519 860 552 911 ut
563 851 622 925 ipsi
633 850 795 910 maledicta
806 851 874 911 sint.
898 848 1150 915 nihitvatatittos
1185 856 1188 863 '

172 939 225 999 tibi
242 951 385 1013 suprema
399 942 556 1010 praestare
567 941 597 993 et
612 933 728 993 laudari
743 940 801 992 tea
816 932 919 993 liberis
933 933 1013 995 tuisa
1035 935 1096 997 sed
1109 936 1150 996 sic

172 1029 202 1082 te
219 1037 292 1095 para
305 1026 459 1093 tamquam
474 1018 503 1076 in
520 1016 590 1091 igne
605 1016 775 1091 inpositura
792 1016 841 1077 vel
856 1032 986 1092 puerum
1002 1019 1055 1078 vel
1069 1019 1149 1080 iuve-

173 1119 242 1163 nem
258 1103 306 1161 vel
322 1116 437 1161 senem.
466 1100 539 1160 nihil
554 1101 632 1159 enim
654 1101 694 1159 ad
713 1115 777 1159 rem
798 1101 950 1175 pertinent
968 1102 1054 1175 anni,
1077 1118 1148 1178 quo

173 1188 253 1245 niam
269 1184 382 1244 nullum
398 1200 459 1244 non
477 1184 621 1243 acerbum
635 1184 728 1244 lunus
743 1191 799 1257 est,
816 1184 900 1258 quod
917 1199 1035 1258 parens
1050 1185 1149 1260 scqui-

172 1276 230 1329 tur.
252 1269 326 1329 Post
338 1268 395 1328 bas
406 1267 491 1342 leges
502 1267 689 1343 propositas,
704 1268 730 1326 si
745 1266 858 1328 liberos
871 1266 963 1340 tollis,
978 1268 1065 1329 omni
1075 1268 1149 1329 deos

173 1353 286 1412 invidia
300 1351 422 1423 liberas,
440 1350 490 1426 qui
506 1351 558 1410 tibi
573 1348 647 1410 nihil
664 1350 737 1409 certi
752 1350 997 1426 spoponderunt

142 1446 158 1497 1
234 1435 340 1494 lell.
362 1434 412 1493 Ad
427 1433 505 1493 banc
519 1434 679 1508 imaginem
695 1433 825 1507 agedum
840 1433 933 1494 totius
948 1432 1034 1494 vitae
1048 1434 1148 1497 introi-

172 1527 235 1578 tum
250 1519 428 1576 referamus.
461 1516 635 1593 Syracusas
656 1515 773 1577 viseres
794 1516 971 1577 deliberanti
988 1517 1047 1578 tibi
1067 1519 1148 1595 quic·

175 1600 248 1675 quid
263 1600 415 1659 delectare
430 1607 557 1673 poterat,
574 1598 720 1674 quicquid
735 1599 901 1670 offendere,
917 1601 1065 1676 exposui.
1080 1608 1149 1678 puta

173 1683 311 1744 nascenti
326 1698 374 1741 me
387 1681 439 1740 tibi
455 1682 559 1740 venire
573 1683 602 1741 in
619 1683 793 1742 consilium:
813 1684 977 1744 intraturus
992 1700 1031 1745 es
1045 1685 1148 1746 urbem

174 1769 222 1827 dis
242 1764 477 1839 hominibusque
497 1780 703 1838 communem,
726 1766 828 1825 omnia
853 1767 1040 1840 conplexam
1060 1768 1148 1829 certis

174 1849 293 1922 legibus
308 1848 689 1921 aeternisquedevinctam,
705 1849 901 1922 indefatigata
916 1851 1146 1913 coelestiumol-

143 1932 243 1990 attala
253 1933 435 1990 volventem.
452 1929 569 1990 videbis
582 1931 642 1990 illic
651 1931 878 1992 innumerabilis
889 1934 1006 2006 stellas,
1023 1934 1147 2010 [videm]

173 2013 330 2075 miraberis
349 2029 410 2073 uno
424 2013 524 2074 sidere
536 2015 637 2075 omnia
648 2015 764 2090 inpleri,
780 2015 876 2076 solem
889 2015 1047 2078 cotidiano
1058 2034 1148 2079 cursu

174 2098 223 2157 die
244 2098 405 2172 noctisque
425 2098 525 2172 spatia
543 2098 721 2171 signantem,
744 2114 846 2158 annuo
865 2106 999 2160 aestates
1016 2100 1147 2162 hiemes·

174 2196 234 2255 que
246 2182 436 2255 aequaliter]
447 2197 547 2256 usque
562 2180 755 2240 dividentem.
778 2181 897 2242 videbis
909 2184 1145 2244 nocturnamlu-

173 2279 231 2322 nae
246 2265 485 2337 successionem,
499 2280 517 2322 a
532 2264 672 2324 fraternis
690 2265 869 2325 occursibus
887 2267 956 2324 lene
970 2269 1146 2329 remissum-

174 2363 234 2422 que
251 2349 351 2409 lumen
367 2355 550 2408 mutuantem
566 2353 596 2406 et
615 2347 707 2408 modo
723 2350 881 2422 occultam,
904 2350 997 2410 modo
1020 2357 1086 2413 toto
1097 2364 1147 2412 ore

171 2432 261 2490 terris
276 2432 484 2502 inminentem,
507 2429 737 2491 accessionibus
763 2432 944 2506 damnisque
964 2432 1147 2507 mutabilem,

140 2516 294 2586 asemper
308 2514 466 2586 proximae
482 2513 668 2572 dissimilem.
693 2514 811 2574 videbis
827 2515 963 2589 quinque
984 2516 1092 2577 sidera
1105 2516 1145 2577 di-

172 2609 279 2652 versas
295 2595 413 2668 agentia
430 2595 494 2656 vias
509 2604 539 2656 et
553 2598 583 2655 in
598 2597 780 2656 contrarium
796 2596 954 2673 praecipiti
969 2600 1086 2662 mundo
1104 2600 1147 2661 ui·

171 2676 273 2734 tentia.
296 2693 336 2735 ex
355 2677 463 2737 horum
478 2679 640 2740 levissimis
658 2678 790 2740 motibus
806 2681 945 2742 fortunae
962 2684 1147 2758 populorum

172 2759 346 2833 dependent
357 2767 386 2819 et
397 2761 529 2822 maxima
539 2777 575 2822 ac
587 2761 710 2822 minima
721 2763 850 2837 proinde
863 2766 1041 2841 formantur,
1057 2772 1148 2842 prout

173 2857 302 2917 aequum
318 2843 492 2919 iniquumve
506 2845 593 2904 sidus
614 2845 749 2906 incessit.
772 2848 929 2907 miraberis
950 2850 1070 2911 coiecta
1093 2866 1146 2910 nu·

172 2924 233 2985 bila
248 2934 277 2986 et
292 2927 437 2988 cadentes
452 2945 548 3003 aquas
567 2937 596 2988 et
616 2929 741 3004 obliqua
761 2931 885 2990 fulmina
899 2937 930 2991 et
949 2932 1030 2994 coeli
1046 2933 1147 3008 trago-

139 3007 245 3067 lrem.
275 3010 348 3069 cum
364 3010 489 3071 satiatus
507 3014 684 3086 spectaculo
703 3029 884 3088 superorum
900 3013 1055 3075 interram
1075 3031 1147 3077 ocu—

171 3091 219 3150 los
236 3089 395 3167 deieceris,
412 3094 545 3167 excipiet
558 3102 587 3153 te
603 3096 662 3154 alia
677 3096 798 3156 lortuna
811 3112 912 3156 rerum
926 3099 1147 3175 aliterque-mi·

171 3173 291 3232 rabilis:
313 3175 383 3235 hinc
400 3192 575 3251 camporum
597 3177 626 3234 in
642 3178 789 3240 inlinitum
809 3181 973 3255 patentium
996 3182 1069 3242 lusa
1084 3182 1145 3257 pla·

171 3255 269 3328 nities,
285 3256 354 3316 hinc
374 3260 648 3334 montiunrmagnis
670 3269 699 3321 et
715 3262 866 3325 nivalibus
887 3264 1080 3339 surgentium
1104 3265 1145 3325 iu·

170 3337 218 3411 gis
230 3340 321 3399 erecti
333 3342 361 3399 in
375 3341 504 3400 sublime
514 3342 655 3403 vertices.
679 3345 1022 3408 deiectusiluminumet
1033 3364 1076 3408 ex
1085 3364 1147 3409 uno

172 3422 254 3481 lontc
270 3421 298 3480 in
316 3423 502 3482 occidentem
519 3426 726 3502 orientemque
741 3429 840 3489 delusi
852 3445 957 3490 amnes
972 3438 1002 3490 et
1017 3432 1147 3493 summis
