2378 3854
161 224 181 283 6
202 223 336 283 olant.
355 219 488 295 QUARE
498 221 647 295 ALlQUA
658 220 892 284 INCOMMODA
902 221 1017 290 BONIS
1029 221 1137 282 VIRIS

118 385 151 437 10
160 373 238 433 inter
257 372 361 432 ruinas
383 370 522 446 publicas
543 376 669 430 rectum.
712 370 830 446 ‚‚Licet,
852 369 964 447 inquit,
992 371 1093 434 omnia
1113 390 1143 433 nr

159 456 250 518 unius
266 455 414 515 ditionem
427 454 652 528 concesserint,
674 456 885 517 custodiantur
898 456 1071 531 legionibus
1085 464 1142 518 ter·
1163 476 1182 543 Q

158 554 227 613 rae,
250 539 403 599 classibus
417 539 526 614 maria,
546 539 747 601 Caesarianus
764 546 868 615 portas
880 538 971 601 miles
987 540 1143 603 obsideat=

160 620 234 684 Cato
253 630 315 698 qua
335 629 426 683 exeat
446 623 545 685 habet.
567 640 629 684 una
642 639 733 683 manu
746 625 838 684 latam
852 624 981 685 libertati
1004 626 1084 686 viam
1099 625 1143 684 ia-

160 707 228 768 ciet.
254 708 369 767 terrum
383 707 481 782 istud,
503 708 591 768 etiarn
607 707 688 768 civili
706 708 787 769 bello
804 724 913 783 purum
929 715 960 768 et
974 709 1142 782 innoxium,

158 793 258 855 bonas
280 792 403 854 tandem
423 807 460 851 ac
481 792 600 852 nobiles
622 793 693 851 edet
707 807 834 867 operas:
868 793 1036 854 libertatem
1051 809 1143 870 quarn

158 878 276 952 patriae
291 893 353 937 non
369 874 474 950 potuit
494 874 601 936 Catoni
620 874 714 936 dabit.
741 877 936 952 Adgredere,
954 878 1068 952 anime,
1089 877 1144 938 diu

158 960 336 1023 meditatum
352 976 447 1035 opus
466 957 551 1034 eripe
565 966 595 1020 te
608 959 702 1020 rebus
716 958 866 1020 humanis.
888 958 949 1020 iam
962 960 1099 1024 Petreius
1113 971 1144 1023 et

157 1044 234 1106 Iuba
249 1045 508 1105 concucurrerunt
527 1042 689 1119 iacentque
704 1043 780 1105 alter
795 1043 918 1105 alterius
938 1042 1031 1105 nranu
1049 1047 1142 1107 caesi.

159 1128 247 1190 tortis
262 1136 292 1189 et
306 1127 430 1202 egregia
445 1126 497 1188 lati
509 1128 686 1202 conventio,
708 1129 765 1188 sed
781 1144 860 1204 quae
878 1145 940 1190 non
959 1129 1066 1190 deceat
1080 1146 1143 1190 ma·

160 1213 347 1287 gnitudinem
359 1210 506 1273 nostram.
528 1218 589 1271 tam
601 1219 691 1288 turpe
705 1219 753 1271 est
768 1210 873 1273 catoni
887 1219 1015 1274 mortem
1026 1214 1065 1274 ab
1079 1215 1142 1275 ullo

118 1311 149 1363 ll
161 1305 265 1373 petere
282 1313 375 1374 quarn
390 1298 513 1358 vitam.“
543 1295 655 1371 Liquet
667 1295 740 1354 mihi
760 1311 829 1356 curn
849 1313 959 1372 magno
981 1306 1142 1372 spectasse
1181 1314 1183 1319 ·

159 1383 272 1457 gaudio
288 1383 381 1454 deos,
404 1383 475 1440 dum
489 1381 539 1441 ille
552 1380 613 1452 vir,
630 1379 796 1440 acerrimus
812 1381 860 1440 sui
873 1381 1003 1454 vindex,
1025 1381 1142 1442 alienae

159 1467 250 1527 saluti
266 1464 398 1525 consulit
408 1465 570 1523 etinstruit
584 1463 806 1524 discedentium
821 1465 939 1539 lugam,
957 1465 1030 1525 dum
1041 1466 1143 1526 studia

159 1547 249 1609 etiam
264 1555 356 1608 nocte
369 1546 473 1607 ultima
486 1553 610 1620 tractat,
627 1546 698 1606 dum
710 1547 844 1620 gladium
859 1564 948 1609 sacro
965 1551 1081 1625 pectori
1098 1551 1142 1609 in·

43 1651 44 1654 ¹
159 1633 236 1708 figit,
256 1633 327 1692 dum
349 1630 469 1691 viscera
484 1631 602 1705 spargit
616 1638 646 1690 et
665 1629 746 1689 illam
767 1632 990 1693 sanctissimam
1011 1634 1142 1694 animam
1181 1704 1183 1709 ¹

117 1716 378 1792 raindignamque
390 1731 470 1790 quae
481 1714 560 1774 ferro
572 1714 834 1790 contaminaretur,
846 1717 1056 1778 manueducit.
1067 1717 1142 1777 Inde
1181 1730 1183 1735 ’

160 1799 341 1860 crediderim
353 1799 450 1860 tuisse
462 1814 569 1873 parum
581 1804 696 1858 certum
707 1805 737 1858 et
748 1799 858 1860 ellicax
869 1804 997 1862 volnus:
1013 1801 1143 1862 nonluit

159 1885 207 1944 dis
222 1883 433 1944 inmortalibus
447 1882 522 1943 satis
534 1889 677 1958 spectare
689 1882 834 1945 catonem
848 1886 953 1946 semel.
975 1891 1095 1945 retenta
1105 1899 1142 1945 ac
1181 1960 1183 1965 ,

158 1973 303 2028 revocata
317 1967 413 2029 virtus
432 1974 494 2041 est,
516 1975 549 2028 ut
565 1967 595 2026 in
617 1966 787 2029 difficiliore
802 1976 889 2043 parte
906 1984 941 2028 se
956 1968 1146 2029 0stendere't.-
1179 1976 1183 2041 ς

158 2068 220 2112 non
235 2052 316 2110 enim
330 2059 392 2112 tam
402 2066 513 2126 magno
528 2049 629 2111 animo
645 2065 728 2111 mors
745 2051 865 2111 inicitur
880 2066 972 2125 quarn
984 2053 1140 2125 repetitur.
1179 2046 1183 2131 ξ

159 2134 270 2208 Quidni
291 2135 421 2196 libenter
441 2141 617 2211 spectarent
639 2135 792 2194 alumnum
809 2150 899 2194 suum
919 2140 979 2193 tam
1000 2135 1083 2196 claro
1106 2150 1142 2196 ac
1180 2142 1183 2203 ζ

157 2219 345 2281 memorabili
355 2220 456 2280 exitue
464 2220 648 2280 vadentem?
659 2233 740 2279 mors
752 2217 820 2279 illos
830 2223 999 2293 consecrat,
1012 2234 1141 2301 quorum

159 2305 273 2365 exitum
288 2313 318 2366 et
334 2305 386 2378 qui
399 2306 505 2366 timent
519 2302 650 2364 laudant.
890 2304 892 2309 '

129 2394 144 2446 1
218 2389 269 2447 lll.
290 2387 363 2448 Sed
381 2388 453 2448 iam
471 2386 707 2463 procedente
725 2385 906 2447 oratione
924 2386 1141 2460 ostendam,
1177 2408 1183 2467 ἰ

159 2487 269 2544 quam
289 2487 361 2530 non
379 2473 456 2530 sint
475 2486 572 2545 quae
590 2469 902 2530 videnturmala=
925 2470 1025 2528 nunc
1042 2468 1141 2530 illud
1177 2467 1183 2507 ’ἱ

158 2554 260 2624 dico,
282 2554 358 2613 ista
378 2568 473 2628 quae
488 2559 524 2611 tu
542 2567 657 2612 vocas
672 2566 834 2626 aspera,
857 2567 957 2626 quae
972 2553 1141 2613 adversa

158 2644 196 2697 et
223 2635 497 2705 abominanda,
529 2635 687 2710 primum
715 2651 784 2710 pro
813 2634 916 2711 ipsis
945 2652 1033 2698 esse
1056 2635 1140 2712 qui-

157 2720 227 2780 bus
250 2720 451 2792 accidunt,
481 2717 621 2778 deinde
643 2735 712 2794 pro
733 2721 951 2793 universis,
981 2726 1143 2796 quorum¹
1174 2744 1183 2803 p

157 2804 276 2865 maior
292 2805 354 2864 dis
372 2818 465 2864 cura
483 2818 593 2878 quam
612 2804 859 2878 singulorum
877 2812 943 2865 est.
966 2803 1140 2881 posthoc

158 2888 381 2949 volentibus
403 2886 588 2947 accidere
609 2903 652 2946 ac
674 2887 815 2963 dignos
837 2891 934 2949 malo
963 2904 1070 2962 esse,
1106 2888 1139 2949 si

157 2972 290 3033 nolint.
335 2972 401 3032 llis
424 2970 587 3032 adiciam
609 2973 688 3032 lato
715 2972 792 3033 ista
813 2972 871 3033 sic
896 2980 931 3034 et
952 2974 1056 3033 recte'
1077 2988 1140 3033 ea*-

156 3056 238 3113 dem
259 3057 346 3130 lege
373 3057 491 3116 bonis
514 3056 671 3114 evenire
701 3073 773 3130 qua
794 3063 882 3117 sunt
909 3057 1009 3117 boni.
1052 3055 1141 3116 Per·

155 3137 331 3212 suadebo
350 3139 493 3199 deinde
508 3128 663 3212 tibi,'ne
679 3155 857 3216 umquam
873 3141 964 3200 boni
981 3141 1053 3200 viri
1070 3141 1138 3200 mi-

157 3221 349 3283 serearis:
373 3229 475 3298 potest
489 3222 569 3281 enim
583 3221 676 3283 miser
690 3224 765 3298 dici,
788 3240 849 3285 non
864 3230 967 3300 potest
981 3239 1063 3285 esse.

128 3316 145 3368 2
219 3305 435 3367 Difficillimum
450 3323 489 3366 ex
504 3305 644 3367 omnibus
660 3324 740 3383 quae
754 3307 903 3385 proposui
919 3308 1038 3368 videtur
1054 3306 1136 3383 quod

157 3390 319 3466 primum
340 3387 437 3463 dixi,
460 3407 528 3466 pro
549 3388 651 3466 ipsis
673 3407 763 3452 esse
785 3393 927 3467 quibus
949 3391 1140 3452 eveniunt

156 3473 245 3548 ista,
268 3491 364 3551 quae
383 3474 581 3537 horremus
600 3490 642 3534 ac
661 3476 866 3536 tremimus.
898 3475 976 3549 „Pro
991 3475 1069 3550 ipsis
1081 3481 1138 3550 est,
