2378 3856
170 116 232 182 228
370 117 403 176 L.
422 115 569 176 ΑΝΝΑΕΙ
588 112 766 174 SENECAE
786 112 891 173 ulti.
903 110 957 173 xl.

170 278 244 332 note
260 276 325 330 erut
340 267 496 339 condicio,
518 268 575 327 sed
589 267 727 328 mortalis
741 264 832 327 enimi
846 280 923 342 spes
937 267 1050 345 avide,
1071 282 1148 345 quoe

171 353 317 426 subinde,
336 350 411 428 quid
424 367 526 413 rerum
540 359 649 412 nature
661 350 714 423 sit,
730 349 920 411 obliviscitur
932 364 1148 429 necunquam
1184 382 1186 399 ι

142 438 261 499 osortis
279 450 354 496 suue
370 435 518 509 meminit,
535 434 594 495 nisi
608 449 677 495 cum
692 433 884 495 admonetur.
916 432 1030 495 Gaude
1046 434 1147 513 iteqcc
1184 444 1186 449 '

169 520 318 581 babuisse
334 526 366 579 te
377 525 440 579 turn
454 520 568 580 boumn
583 520 705 578 ιιιιιιιιι
719 523 749 577 et
759 533 852 578 usum
862 518 1064 595 truciumque
1073 519 1146 592 eius,

172 602 314 680 quemvis
334 601 458 664 brevior
477 610 550 664 voto
572 608 624 663 tuo
644 600 748 676 tuem,
776 599 850 661 boni
864 601 1007 663 consule.
1029 602 1147 678 'cosin

170 687 423 749 iucundissimum
435 701 515 759 csse,
532 685 616 761 quod
627 684 775 760 hebuieti
787 683 966 758 humentem,
981 684 1147 763 quodper-

171 772 285 831 didisti.
307 784 365 830 neo
378 769 459 828 enim
474 768 639 844 quinquen
653 768 753 829 minus
766 730 848 828 'iuter
857 783 893 829 se
906 774 1145 831 consummem

171 860 332 928 estqnam
351 852 485 927 aliquem
503 852 636 925 moveri,
658 851 743 926 quod
762 849 822 913 sibl
841 851 911 912 tulis
932 852 1032 913 mter
1044 867 1186 930 peruri.

172 937 223 996 diu
239 936 412 1013 contigerit,
428 950 489 995 non
504 935 652 1009 gaudere,
670 933 755 1010 quod
768 942 869 995 nmen
883 934 1060 1012 conmorit
1184 964 1186 969 ·

144 1029 160 1080 1
232 1019 282 1078 xl
310 1019 372 1092 „At
392 1016 561 1115 inopinanti
579 1024 704 1093 ereptus
725 1022 802 1078 est.“
834 1016 897 1079 Sue
912 1034 1140 1097 quemquecre

172 1102 283 1164 dulites
299 1101 415 1178 decipit
430 1110 461 1162 et
473 1101 504 1162 in
518 1103 573 1175 eis,
590 1117 672 1176 quse
681 1099 785 1176 (ιιιιςιι,
799 1101 974 1164 voluntarie
983 1104 1140 1167 morulis
1184 1152 1186 1161 .

171 1185 210 1247 tis
226 1187 355 1247 oblivio:
376 1194 484 1247 netum
503 1184 577 1246 nulli
600 1201 636 1245 se
651 1185 844 1247 necessitatis
860 1200 939 1247 susc
952 1188 1086 1263 graden
1103 1186 1140 1247 ls-

172 1278 288 1333 cturem
307 1285 380 1331 esse
399 1277 509 1330 mststs
529 1276 586 1329 est.
619 1268 737 1330 cotidie
762 1277 884 1343 praeter
896 1270 1012 1332 oculos
1025 1276 1139 1333 nocuos

172 1361 331 1415 transeunt
345 1361 485 1415 notorum
496 1353 732 1428 ignotorumque
742 1353 860 1413 lunens„
881 1369 942 1415 nos
953 1350 1140 1417 ιιιιιιοιιιιιιιι
1182 1403 1185 1433 ,

173 1438 290 1512 egimus
307 1445 337 1497 et
350 1438 483 1497 subitum
499 1435 529 1495 id
544 1441 687 1510 putemus
702 1450 790 1510 esse,
807 1437 892 1512 quod
905 1436 1000 1499 nobie
1014 1438 1141 1501 mvii
1169 1490 1175 1507 ,

174 1519 368 1581 denuntiatur
388 1520 529 1580 futurum.
563 1534 624 1579 non
640 1526 688 1580 est
701 1517 806 1594 itaque
818 1520 879 1581 ists
892 1522 1030 1583 ictorum
1042 1520 1140 1597 imqui-

172 1612 234 1678 tus,
251 1605 308 1664 sed
319 1601 429 1664 mentis
440 1602 592 1663 humsnee
603 1605 738 1678 pravitas
749 1602 930 1666 insatiabilis
942 1603 1141 1669 mummul-

168 1692 238 1758 um,
259 1702 338 1761 quoe
352 1685 526 1762 indignetur
539 1686 611 1747 inde
625 1702 661 1746 se
675 1690 775 1762 exire,
798 1703 860 1763 quo
871 1688 1014 1751 admisce
1023 1696 1186 1765 estpre

143 1768 265 1828 icario.
299 1775 366 1842 [oo]
390 1769 506 1843 Quanto
528 1770 578 1829 ille
598 1770 720 1844 iustior,
744 1772 796 1867 qui
819 1772 957 1833 nuntiate
977 1772 1035 1834 lilii
1052 1778 1143 1833 morte

174 1852 296 1926 dignum
317 1868 428 1927 magno
449 1853 516 1912 viro
537 1868 645 1913 vocem
667 1853 785 1914 emisit.
817 1870 888 1929 ego
915 1869 999 1917 cum
1019 1855 1186 1931 genui„

173 1942 248 1996 tum
267 1934 490 1996 moriturum
513 1937 622 1996 scivi
656 1936 788 1998 Prorsus
809 1954 870 1998 non
891 1938 1016 2000 noueris
1031 1954 1073 2000 ex
1090 1924 1186 2000 lroo'.

174 2026 277 2080 netum
297 2034 383 2092 esse,
411 2020 465 2095 qui
486 2020 604 2081 fortiter
624 2021 701 2082 mori
722 2030 838 2096 posset
861 2038 923 2083 non
938 2022 1142 2122 accepitten·

174 2119 266 2178 quern
287 2119 400 2165 novum
420 2104 557 2166 nuntium
577 2102 631 2165 lilii
651 2113 792 2165 mortem.
821 2103 898 2181 quiid
918 2112 968 2166 est
981 2106 1066 2169 enim
1079 2102 1143 2167 nori

174 2186 326 2247 hominem
346 2189 438 2262 mori,
461 2189 549 2249 cuius
566 2196 630 2249 tots
642 2188 705 2248 vite
719 2188 793 2248 nihil
806 2188 888 2250 uliud
904 2205 1000 2266 quem
1015 2190 1058 2251 ud
1070 2202 1142 2251 mor

173 2278 232 2330 tem
258 2271 314 2331 iter
338 2278 408 2332 esti
437 2271 515 2347 Ego
549 2288 630 2334 cum
654 2272 786 2347 genui,
818 2281 894 2333 tum
920 2274 1143 2335 moriturum

145 2355 285 2419 tscivi.
318 2355 436 2416 Deinde
455 2354 567 2414 adiecit
580 2371 645 2415 rem
659 2355 785 2416 maioris
800 2363 832 2417 ct
845 2356 1029 2431 prudentiss
1042 2364 1075 2418 et
1086 2352 1142 2417 eni·

175 2437 229 2494 ιιιιι
262 2444 298 2496 et
324 2437 412 2497 huic
439 2437 495 2497 rei
524 2440 677 2499 sustuli.
718 2438 831 2500 Omnes
849 2439 1143 2503 huiereitolffitur

177 2519 318 2594 quisquis
333 2519 373 2578 ed
385 2521 478 2580 vitem
492 2520 604 2595 editur,
619 2520 988 2587 admortemdestinstur
1011 2524 1143 2586 umde-

174 2617 243 2661 mus
265 2616 319 2676 eo,
346 2603 431 2677 quod
450 2602 586 2677 debitur,
606 2604 836 2682 reddemusque
850 2606 897 2683 id,
918 2622 989 2669 cum
1003 2620 1144 2685 reposce

174 2702 252 2746 mur.
288 2647 380 2746 aium
402 2688 462 2746 alio
478 2694 615 2763 tempore
629 2689 692 2749 lete
705 2690 975 2788 conprehendent‚
999 2692 1145 2755 neminem
1183 2752 1186 2767 ,

175 2770 393 2846 praeteribunt.
425 2774 456 2831 in
476 2769 635 2846 procinctu
656 2779 716 2834 stet
735 2775 854 2836 suimus
875 2781 907 2835 et
927 2775 973 2850 id,
994 2776 1145 2852 quodne

176 2870 266 2915 cesse
280 2860 342 2928 est,
366 2871 532 2931 numquam
545 2857 663 2928 timeat,
685 2858 790 2932 quod
782 2866 930 2919 incertum
941 2865 1007 2935 cst
1027 2872 1145 2957 semper

145 2945 343 3012 sexspectet
380 2940 458 3013 Quid
478 2940 578 3001 dicem
598 2942 695 3003 duces
719 2941 895 3018 ducumque
918 2940 1102 3019 progeniem
1120 2948 1147 3003 et

174 3022 274 3080 multis
296 3028 349 3081 eut
368 3024 579 3086 consulatibus
599 3026 787 3100 conspicuos
808 3033 861 3088 eut
879 3026 1046 3103 triumphis
1067 3030 1146 3089 sorte

175 3104 229 3162 dei
215 3105 337 3165 iunctos
351 3102 555 3168 inexorabilit
575 3115 639 3170 tote
653 3124 722 3169 curn
736 3110 862 3186 regibus
872 3124 969 3209 regnu
979 3111 1146 3187 populique

176 3203 244 3249 cum
257 3194 312 3262 [re]
325 3189 466 3264 gentibus
476 3193 574 3253 tulere
585 3193 678 3253 istum
690 3209 795 3255 suum
817 3209 934 3292 omues,
943 3194 1038 3257 immo
1050 3190 1147 3257 oncle

174 3272 204 3329 in
220 3273 356 3334 ultimum
371 3273 452 3334 diem
467 3283 615 3351 spectent.
650 3277 717 3338 Non
737 3279 819 3339 idern
832 3278 989 3341 universis
1005 3278 1080 3343 linis
1095 3282 1146 3341 est

176 3353 266 3416 aliurn
279 3357 308 3416 ιιι
319 3357 422 3420 medio
434 3375 526 3421 cursu
536 3359 599 3422 vita
610 3361 733 3437 deserit
749 3363 841 3424 alium
851 3362 881 3423 in
889 3363 961 3440 ipso
967 3364 1056 3426 editu
1062 3362 1146 3425 rolin·
