2378 3854
111 211 165 271 AD
187 209 376 273 ithacium
396 212 448 271 DE
471 210 773 272 cohsohalrohlz.
802 217 922 271 23-25.
971 211 1032 276 137

60 357 160 436 lignus
177 362 355 423 sacerdotio
371 361 542 432 videretur,
564 368 701 420 materna
723 361 790 420 sine
807 361 901 420 dubio
922 360 1031 422 suli'ra·

60 445 184 517 ratione,
211 445 271 506 sed
286 460 326 504 ne
346 452 444 505 mater
464 445 590 518 quidem
607 445 667 503 uisi
686 461 743 517 pro
765 445 847 504 bono
867 445 1030 506 candidato

60 529 204 588 aluisset
237 528 354 587 Harum
375 528 633 600 contemplatione
653 527 795 586 virtutum
815 526 912 586 filium
934 528 1059 602 *gerit

60 628 136 686 [uam
157 611 186 672 si
203 609 242 676 *ἦ*
257 626 341 673 nunc
360 611 413 671 ille
430 610 484 671 tihi
500 611 598 684 magis
612 617 710 668 vacat
741 625 823 669 nunc
841 611 912 672 nihil
930 611 1029 684 habet,

60 711 106 768 ruo
121 703 263 756 vocetur.
287 710 455 769 numquam
472 694 525 754 tibi
538 693 752 767 sollicitudini,
766 709 932 768 numquam
947 711 1028 756 moe·

59 780 104 837 ori
120 779 187 838 erit
217 779 303 855 quod
324 795 418 838 unum
438 793 478 837 cx
500 787 560 837 tam
581 777 664 836 bono
685 776 749 837 lilio
770 786 894 852 poteras
914 779 1029 853 dolere,

60 863 184 927 loluisti=
208 870 311 922 cetera
331 869 475 937 exempta
494 861 634 934 casibus,
656 862 748 936 plena
762 860 928 936 voluptatis
949 872 1027 934 sunt,

61 943 71 1005 i
87 946 181 1007 modo
196 949 240 1006 uti
256 946 320 1007 filio
335 946 408 1019 scis,
425 944 558 1005 simodo
574 945 647 1020 quid
661 945 692 1003 in
707 946 758 1005 illo
774 945 1028 1020 pretiosissimum

60 1037 141 1103 uerri,
157 1030 321 1104 intellegis.
343 1031 449 1104 Imago
465 1031 624 1089 dumtaxat
637 1029 691 1088 lilii
707 1029 748 1089 tui
763 1030 852 1104 periit
865 1037 896 1089 et
910 1030 1057 1104 effigiasti

60 1129 104 1172 ron
129 1112 300 1185 simillima,
327 1113 396 1188 ipse
419 1113 542 1188 quidem
563 1122 750 1173 aeternus
772 1115 1029 1188 meliorisque

60 1213 145 1258 ,unc
165 1203 297 1257 status
321 1204 394 1270 est,
416 1197 608 1271 despoliatus
628 1196 775 1256 oneribus
796 1197 904 1255 alicnis
924 1204 955 1255 et
969 1199 1027 1258 sihi

60 1280 179 1340 elictus.
207 1280 293 1341 Haec
308 1296 390 1356 quae
406 1281 493 1340 vides
514 1295 588 1340 ossa
608 1280 824 1352 circumiectu]
841 1279 945 1353 nobis,
961 1296 1025 1340 uer-

60 1379 101 1423 os
118 1371 149 1424 et
164 1362 332 1427 obductam
349 1371 449 1423 cutem
465 1364 644 1437 voltumque
657 1370 688 1422 et
703 1363 858 1422 ministras
875 1379 982 1422 manus
997 1372 1028 1424 et

60 1454 146 1507 ctera
172 1447 288 1523 quibus
313 1448 440 1508 involuti
462 1463 584 1519 snmus,
611 1446 733 1505 vincula
752 1447 921 1506 animorum
944 1456 1026 1507 tene·

62 1546 179 1605 raeque
202 1537 284 1592 sunt.
317 1530 457 1591 obruitur
477 1529 524 1589 his
545 1530 677 1603 animus,
705 1529 863 1600 effocetur,
885 1531 1025 1604 inlicitur,

61 1621 198 1674 rectura
214 1616 297 1674 veris
314 1624 345 1676 ct
362 1616 428 1677 suis
449 1615 479 1673 in
497 1614 575 1673 laisa
588 1613 755 1675 coniectus.
786 1630 876 1674 omne
895 1616 937 1674 illi
958 1631 1026 1677 cum

60 1713 103 1756 inc
124 1713 218 1758 carne
238 1715 333 1774 grave
347 1705 501 1759 certamen
518 1706 578 1770 est,
607 1713 646 1756 ne
669 1698 865 1759 abstrahatur
885 1706 916 1758 et
936 1700 1025 1759 sidat.

63 1781 145 1841 ititur
162 1782 230 1854 illo,
256 1783 340 1844 unde
357 1781 503 1843 dimissus
518 1790 574 1843 cst.
608 1782 648 1841 ihi
664 1783 745 1842 illum
763 1789 888 1842 aeterna
900 1783 1026 1858 requies

60 1873 176 1925 ranetc
192 1865 333 1927 contusis
348 1866 527 1941 crassisque
541 1881 618 1941 pura
633 1873 662 1925 et
678 1865 795 1942 liquida
809 1866 968 1926 visentem.
1060 1881 1064 1887 ’

105 1948 199 2008 XXV.
227 1949 359 2010 Proinde
386 1965 447 2009 non
472 1957 521 2011 est
545 1949 628 2025 quod
651 1951 690 2010 ad
712 1950 886 2025 sepulcrum
907 1951 961 2010 filii
982 1952 1051 2012 tuil

61 2048 166 2092 urras=
197 2033 336 2107 pessima
355 2034 422 2094 eius
445 2040 476 2093 et
497 2033 557 2108 ipsi
582 2033 799 2094 molestissima
823 2035 891 2094 istic
916 2034 1024 2110 iacent,

63 2131 119 2175 ssa
140 2116 339 2192 cineresque,
370 2132 430 2177 non
456 2119 553 2191 magis
579 2119 659 2178 illius
681 2124 785 2192 partes
808 2135 898 2192 quarn
922 2127 1024 2179 vestes

60 2199 165 2274 liaque
191 2206 368 2274 tegumenta
393 2216 569 2275 corporum.
608 2201 729 2275 Integer
755 2198 806 2260 ille
831 2201 968 2276 nihilque
994 2203 1023 2262 in

60 2282 129 2342 erris
156 2284 337 2359 relinquens
361 2287 411 2344 rui
429 2285 505 2359 fugit
525 2291 555 2344 et
573 2291 655 2344 totus
679 2283 814 2344 excessit
838 2287 1023 2359 paulumque

60 2381 137 2441 upra
157 2383 217 2426 nos
240 2375 461 2442 commoratus,
484 2369 555 2428 dum
577 2374 765 2443 expurgatur
785 2375 815 2427 et
836 2367 1023 2431 inhaerentia

60 2450 113 2511 itia
133 2448 290 2526 situmque
313 2467 433 2512 omnem
456 2452 592 2512 mortalis
614 2453 681 2511 aevi
697 2451 826 2525 excutit,
850 2452 962 2513 deiude
983 2456 1023 2517 ad

60 2533 167 2594 xcelsa
182 2535 323 2596 sublatus
339 2535 417 2595 inter
431 2536 536 2596 felices
552 2538 644 2597 currit
657 2536 773 2595 animas
789 2537 925 2611 [excepit
939 2537 1022 2601 illum

60 2623 149 2678 octus
166 2624 284 2690 soceri,
319 2617 481 2694 Scipiones
499 2620 707 2696 Catonesque,
728 2621 868 2696 interque
888 2630 1021 2684 ‹rontem-

63 2708 148 2762 tores
171 2703 254 2762 vitae
280 2709 312 2762 et
336 2702 441 2763 mortis
466 2703 618 2766 beneficio
642 2704 765 2765 liberos.
800 2706 916 2768 Parens
942 2715 1054 2788 tunsa

60 2783 169 2855 larcia,
196 2784 257 2844 illic
284 2793 426 2860 nepotem
451 2804 557 2860 suum,
586 2805 772 2864 quamquam
798 2789 859 2850 illic
879 2792 1020 2852 omnibus

60 2883 131 2927 mne
149 2876 315 2944 cognatum
338 2877 400 2944 est,
419 2871 553 2945 adplicat
573 2871 631 2932 sibi
652 2889 733 2932 nova
749 2874 819 2931 luce
838 2872 1021 2945 gaudentem

60 2951 262 3012 [vicinorum
283 2952 418 3013 siderum
439 2962 555 3015 meatus
577 2955 680 3025 docet,
708 2970 766 3014 nec
786 2970 824 3014 cx
847 2955 1022 3017 coniectura

60 3035 95 3094 ed
118 3035 255 3096 omnium
281 3052 321 3095 ex
342 3053 415 3098 vero
441 3038 557 3112 peritus
579 3039 608 3096 in
634 3052 747 3097 arcana
771 3045 897 3099 naturae
921 3037 1020 3101 libens

61 3119 131 3179 ucit.
155 3127 253 3194 utque
268 3120 437 3194 ignotarum
452 3121 573 3182 urbium
588 3128 773 3183 monstrator
787 3121 900 3197 hospiti
915 3131 1021 3199 gratus

60 3209 101 3275 st,
125 3203 168 3263 ita
194 3201 360 3264 sciscitanti
385 3205 563 3268 coelestium
585 3222 697 3266 causas
718 3207 906 3268 domesticus
929 3210 1021 3269 inter·

60 3299 122 3344 res.
150 3287 237 3348 iuvat
251 3287 331 3347 euim
350 3303 389 3346 ex
404 3291 464 3349 alto
478 3291 583 3350 relicta
602 3291 759 3366 respicere
776 3299 806 3350 et
822 3291 852 3351 in
867 3292 1020 3365 protunda

60 3383 188 3430 arrarum
204 3371 379 3445 permittere
395 3372 500 3432 aciem.
529 3373 581 3434 Sic
597 3374 699 3450 itaque
720 3381 766 3445 te,
787 3373 917 3443 Marcia,
937 3379 1048 3446 garait

60 3466 193 3528 umquam
216 3454 275 3513 sub
295 3455 393 3516 oculis
415 3456 508 3529 putris
538 3456 644 3531 filique
670 3457 787 3533 positu,
812 3469 872 3513 nou
899 3455 1018 3514 illorum
