2378 3856
158 213 200 277 26
246 212 350 277 litat.
367 212 403 273 ll.
431 212 485 271 Aa
500 209 684 272 SERENUM
697 208 772 269 NEC
786 207 966 269 titillatam
979 207 1062 273 illac

159 361 253 439 pienti
268 361 390 421 libertas
406 358 570 433 quaeritur.
606 374 666 420 non
688 365 721 418 ιιι
739 357 829 420 vobis
851 358 952 419 lacere
966 374 1032 420 non
1054 358 1151 423 lioem

159 446 314 515 iniuriam,
335 442 471 516 aqimus,
492 441 548 502 sed
564 447 596 501 ιιι
609 442 659 502 ille
673 457 781 502 omnes
796 441 924 503 iniurias
938 441 971 503 in
986 443 1089 504 altum
1104 446 1149 506 di

160 528 254 590 mittat
284 526 490 601 patientiaque
515 539 551 584 se
574 540 612 585 ae
635 524 844 600 magnitudine
868 525 962 585 animi
982 526 1148 589 weudat

131 612 210 671 eSie
224 609 254 669 in
270 609 484 669 certaminibus
499 608 597 669 saeris
613 607 752 684 plerique
766 609 919 682 vicerant,
945 608 1149 673 caedentium

159 711 268 755 manus
284 692 436 754 obstinata
450 692 594 769 patientia
609 693 779 768 latigandoz
801 708 841 752 ex
861 691 922 753 hoe
936 701 1013 768 puta
1026 708 1149 768 genua
1181 723 1182 726 ι

160 778 328 852 sapientem
352 792 474 848 eorum,
501 776 553 849 qui
578 775 796 838 exercitatione
813 778 906 851 longa
928 790 966 835 ae
985 775 1078 838 lideli
1099 794 1149 841 ro·

159 862 216 923 bur
231 859 422 936 perpetiendi
438 857 636 932 lassandique
651 862 771 923 omnem
787 859 938 919 inimicam
954 857 1018 919 tim
1032 875 1148 923 conse

160 945 220 1005 nuti
235 953 315 1004 sunt.

134 1051 144 1101 l
219 1028 254 1087 Χ.
290 1024 472 1100 Quoniam
497 1023 668 1099 priorem
689 1033 836 1099 partem
856 1026 1148 1104 percurrimus,
1187 1073 1189 1104 ι

160 1112 206 1173 ad
231 1111 392 1170 alteram
417 1116 679 1179 transeamus,
706 1123 780 1182 qua
798 1109 1033 1183 quibusdam
1056 1126 1146 1187 pro·
1187 1117 1189 1188 ξ

160 1193 274 1269 pilis,
306 1192 508 1267 plerisque
530 1207 624 1252 vero
650 1192 915 1252 cotnraunibus
941 1200 1148 1257 eontume·
1187 1203 1189 1242 l

160 1275 530 1339 liamrelutabimus.
553 1273 851 1349 Estmmormturra
867 1279 1147 1351 quemquamne·
1188 1301 1189 1360 ;

159 1360 207 1437 gis
223 1378 313 1436 quam
329 1359 458 1434 exsequi
474 1359 638 1434 possimus,
658 1375 749 1433 quam
760 1358 844 1433 leges
860 1375 984 1434 quoque
999 1362 1090 1423 nulla
1103 1364 1146 1424 di·
1188 1373 1189 1436 ζ

131 1443 590 1522 qgnamvindietaputaverunt.
611 1442 866 1503 Huncadteetum
877 1443 1145 1507 movethumilitas

159 1529 249 1587 animi
262 1525 467 1586 conuehentis
480 1541 515 1585 se
528 1526 567 1585 ob
579 1528 691 1586 iactum
703 1526 879 1601 dictumque
889 1526 1144 1591 inhonorilieuma

160 1612 230 1684 „ille
244 1625 293 1669 me
308 1606 399 1668 hodie
414 1624 474 1668 non
490 1608 619 1681 admisit,
631 1625 699 1668 eum
715 1609 791 1669 alios
807 1609 987 1671 admitteret.
1024 1627 1143 1675 sermo·

160 1710 229 1753 nem
244 1709 344 1754 meum
359 1698 412 1752 aut
431 1692 566 1766 superbe
580 1700 741 1753 aversatus
757 1701 804 1752 est
817 1701 870 1754 aut
883 1694 985 1768 palam
998 1695 1081 1757 risit.
1117 1702 1145 1757 et
1182 1639 1189 1814 h

160 1794 222 1838 non
236 1779 266 1837 in
281 1774 382 1836 medio
405 1792 452 1835 me
473 1776 567 1848 lecto,
589 1776 644 1836 sed
666 1776 696 1834 in
718 1776 779 1837 imo
801 1776 995 1839 oolloeavit.“
1031 1787 1066 1841 et
1086 1781 1143 1841 alia

160 1862 250 1920 liuius
272 1868 377 1932 notae,
405 1874 484 1934 quae
506 1859 579 1933 quid
599 1874 707 1919 vocent
728 1858 787 1920 nisi
809 1862 950 1935 querelas
969 1863 1143 1925 nausiantis
1183 1857 1189 1978 J

161 1944 272 2004 anirnil
293 1943 322 2001 in
339 1957 417 2016 quae
433 1944 496 2002 lere
513 1941 632 2003 delicati
647 1944 793 2005 etleliees
808 1945 953 2004 incidunt.
974 1962 1037 2007 non
1054 1952 1143 2007 vaeet

132 2027 241 2103 pertint
255 2026 332 2087 haee
346 2032 452 2085 notare
467 2026 516 2085 cui
531 2026 637 2100 peiora
657 2026 780 2087 instant.
815 2028 912 2089 Nimio
935 2028 997 2088 otio
1019 2028 1143 2105 ingenia
1188 2029 1189 2086 J

161 2118 269 2171 natura
284 2109 403 2169 infirma
417 2116 447 2168 et
461 2108 618 2171 muliebria
633 2118 664 2171 et
683 2111 788 2186 inopia
801 2126 893 2171 verae
907 2111 1037 2172 iniuriae
1051 2114 1142 2175 lasel-
1188 2161 1189 2166 ι

160 2194 271 2254 aientia
288 2193 336 2254 his
352 2200 595 2266 commoventur,
621 2210 748 2269 quarum
763 2210 836 2268 pars
851 2195 947 2255 maior
961 2202 1089 2257 ooustat
1102 2198 1142 2257 vi·

159 2278 202 2340 tio
218 2275 451 2352 interpretantis.
489 2278 592 2353 itaque
612 2293 670 2336 nee
685 2277 865 2352 prudentiae
881 2279 1046 2353 quiequam
1063 2281 1097 2341 in
1111 2294 1143 2341 se

160 2378 232 2423 esse
254 2377 310 2421 ineo
332 2360 463 2421 lldueiae
478 2361 612 2422 ostendit
627 2361 679 2435 qul
694 2361 877 2421 contumelia
890 2362 1043 2422 adlieitur.
1083 2380 1142 2427 non

160 2446 251 2505 dubie
274 2445 353 2503 enim
374 2451 580 2517 contemptum
599 2458 635 2503 se
655 2443 782 2516 iudicat,
812 2450 843 2504 et
864 2443 914 2503 hle
934 2460 1061 2507 morsus
1082 2464 1143 2511 uon

159 2528 227 2586 sine
254 2527 387 2600 quadam
407 2526 573 2586 humilitate
594 2527 684 2585 animi
698 2527 799 2586 euenit
816 2527 1038 2602 supprimentis
1053 2546 1144 2593 seat

161 2607 390 2669 descendentis
405 2608 531 2681 sapiens
544 2615 645 2668 autem
659 2626 678 2668 a
692 2609 774 2670 nullo
791 2612 1002 2671 contemnitur.
1023 2614 1144 2690 magni·

159 2691 294 2754 tudinem
309 2705 396 2749 suam
411 2706 472 2751 not
473 2689 496 2749 rt
516 2691 651 2765 nullique
665 2698 780 2752 ιιιιιιιιιιι
800 2692 840 2752 de
859 2709 894 2753 se
913 2695 1008 2755 licere
1024 2699 1146 2761 nuntiat
1188 2731 1189 2738 ι

160 2774 219 2834 sibi
234 2782 265 2833 et
279 2772 378 2834 omnis
393 2772 459 2846 lias,
480 2790 558 2848 quas
573 2790 633 2834 non
649 2775 787 2836 miserias
802 2777 980 2851 animorum,
1002 2780 1064 2840 sed
1079 2798 1145 2842 mo·

131 2858 265 2929 alestias
288 2856 432 2929 dixerim,
455 2872 516 2919 ιιοιι
534 2857 643 2931 vineit,
663 2859 719 2918 sed
735 2874 774 2918 ne
795 2861 887 2920 sentit
901 2862 1036 2936 quidem.
1075 2866 1146 2927 Alia

161 2950 230 3001 sunl
247 2956 327 3015 quae
342 2940 510 3014 sapientem
527 2940 649 3011 leniunt,
668 2942 875 3004 etiamsinon
890 2953 1091 3023 pertentant,
1113 2956 1147 3010 ul

161 3025 249 3084 dolor
266 3022 409 3099 corporis
429 3029 460 3083 ot
478 3022 620 3085 debilitas
644 3033 697 3085 aut
720 3026 886 3087 anticorum
911 3027 1147 3109 liberorumque

160 3107 285 3165 aritissio
307 3116 337 3167 ot
359 3104 474 3179 prunae
495 3104 575 3165 bollo
596 3104 753 3181 flagrantis
774 3110 942 3171 calamitas.
977 3111 1060 3173 haee
1080 3128 1144 3179 uon

161 3204 239 3261 ιιιιιιι
254 3189 366 3247 saratino
381 3186 559 3261 sapientum.
582 3204 640 3250 riae
653 3191 733 3251 onim
748 3192 859 3267 lapidis
872 3195 914 3254 illi
929 3195 1076 3259 duritiam
1086 3200 1143 3261 ier·

159 3271 226 3333 tito
247 3270 428 3330 adserimus
466 3271 663 3334 nullatinus
686 3284 748 3345 est,
775 3293 855 3351 quae
869 3294 932 3338 non
946 3281 1166 3375 sentiatperf

162 3355 234 3429 pati
262 3352 512 3427 anteaquam
533 3357 983 3436 quosdarnutusreerprtsed
1128 3403 1155 3430 ,-

160 3438 312 3499 ιιιιιιίιιι
331 3440 646 3515 ιιιιιιιιιιιιιιιιιιιιιιιι
685 3440 891 3504 latitaverant
959 3460 1008 3505 ιι
1089 3465 1091 3468 ·
1123 3439 1126 3456 ²
