2378 3856
176 174 219 238 96
464 176 497 236 L.
518 175 665 235 ANNAEl
686 173 863 235 SENECAE
937 268 940 273 ,

179 337 234 405 est,
251 329 335 406 quod
350 336 453 404 patres
465 343 590 403 quoque
605 325 778 389 oeeiaorum
791 325 900 385 eadem
911 332 1008 387 noete
1021 324 1153 391 nimime
1188 321 1189 380 t

178 430 234 490 per
249 413 359 475 donnus
374 412 602 472 centurionibus
622 408 771 471 conterite
798 407 907 482 idest,
925 406 1026 473 homo
1040 409 1153 473 nbat

178 513 249 557 ears
272 499 354 557 luctu
373 495 521 556 liberavit
549 510 610 554 non
631 494 712 555 enim
725 491 790 553 caii
810 490 984 567 maumam,
1005 495 1072 559 sed
1089 496 1154 563 bue,

178 580 371 657 propositum
386 588 434 640 est
445 579 637 640 describere
656 592 737 652 quae
750 592 812 638 nun
827 576 1071 641 unianimem
1084 578 1154 651 nuit

179 665 235 725 sed
249 671 357 739 gentes
373 670 453 725 totas
468 663 607 734 ianmnat,
627 660 684 722 sed
698 660 791 721 urbes
806 667 836 721 et
846 659 975 721 numne
989 668 1025 723 et
1043 668 1112 727 mu
1121 662 1154 723 ab

179 749 260 809 omni
276 764 371 809 sensu
385 747 502 808 doloris
518 744 727 806 converberat

148 830 162 882 1
238 832 303 893 XX.
325 831 377 892 Sin
396 846 452 890 rex
465 828 626 890 Persarum
644 827 739 888 totius
757 826 863 902 popuii
883 842 978 889 nares
997 802 1137 893 menn
1128 844 1152 887 n

180 915 280 993 Syria,
295 914 377 974 unde
383 913 590 973 Rhinocolura
600 914 787 973 ioennernen
800 917 857 971 est.
877 908 1071 986 renectere
1080 912 1152 975 ium

179 998 306 1068 iudicas,
323 997 547 1073 quodnontota
561 995 662 1071 eapite
673 993 840 1069 praecinite
859 1008 1152 1073 noreganorum·

147 1079 237 1141 ²nae
252 1081 420 1141 delectatus
437 1087 493 1140 est.
527 1081 599 1139 Tale
620 1076 736 1152 aliquid
755 1077 841 1153 passi
860 1077 962 1139 iurent
974 1078 1152 1155 Aethiopes.

180 1165 232 1240 qui
247 1164 288 1225 ob
302 1165 513 1239 longissimum
532 1164 613 1223 vitae
628 1162 760 1238 spetiem
774 1161 986 1223 Macrobiotae
998 1162 1152 1239 aeneum

178 1257 236 1309 tur.
258 1248 288 1308 in
304 1248 363 1308 hos
378 1249 468 1323 enim,
491 1247 643 1323 quianon
664 1243 784 1320 supinis
804 1245 947 1307 manibus
969 1251 1154 1323 exeepemut

179 1334 356 1394 servitutem
382 1332 549 1406 missisque
572 1330 680 1405 tegatis
705 1329 802 1391 libera
820 1336 976 1404 response
994 1329 1152 1402 debeant

179 1432 258 1492 quae
272 1416 493 1478 contumeliose
512 1431 602 1489 reges
621 1419 742 1483 vocant,
764 1412 935 1490 Cambyses
955 1413 1153 1476 nemebntet

177 1516 238 1560 non
255 1499 390 1574 provisis
405 1499 633 1570 commeatibus,
654 1513 716 1558 non
731 1494 898 1571 exploratis
913 1495 1091 1573 itineribus,
1103 1511 1153 1573 ner

176 1583 267 1656 invia,
283 1583 463 1658 perarentia
478 1580 740 1641 tmbebatomnem
750 1579 832 1640 bello
842 1579 945 1641 utilem
959 1580 1098 1655 tubam,
1110 1578 1151 1641 eui

177 1665 256 1726 intre
272 1668 400 1741 primum
421 1667 476 1724 iter
491 1665 617 1724 deerant
630 1665 807 1724 necessaria
827 1676 885 1725 nee
900 1662 1075 1741 quiequam
1087 1662 1151 1729 sub

179 1749 368 1809 ministrabat
387 1747 499 1809 sterilis
513 1755 544 1808 et
562 1748 674 1808 inculta
692 1747 890 1823 humanoque
903 1746 1013 1821 ignote
1027 1746 1151 1823 veat'gia

147 1832 273 1906 aregio.
310 1830 508 1893 Sustinebant
523 1832 632 1891 tamem
654 1829 750 1906 primo
772 1830 935 1891 tenerrime
950 1830 1153 1897 trondbrna

179 1916 336 1976 cacumina
351 1915 503 1988 arborum,
519 1921 581 1975 tum
592 1915 675 1976 coria
689 1913 759 1988 igne
769 1913 884 1977 monita
894 1920 926 1974 et
937 1914 1093 1992 quiequid
1104 1928 1151 1979 nb

178 1998 308 2059 cessitas
329 1998 429 2060 eibum
451 1999 573 2059 iecerat.
615 2005 777 2074 postquam
796 1998 875 2059 inter
894 2011 1008 2061 amnes
1030 1998 1151 2065 mrim

179 2098 304 2158 qunque
327 2089 359 2142 et
381 2081 495 2143 herbae
521 2082 697 2144 defecerant
722 2081 925 2157 adparuitque
948 2079 1047 2158 Inops
1063 2078 1152 2147 :aban

178 2166 352 2227 animalium
366 2166 510 2241 solitudo,
529 2166 681 2228 decimum
695 2180 849 2241 quemque
862 2161 963 2226 sortiti
975 2165 1150 2232 umentem

146 2250 350 2311 shabuemnt
364 2252 444 2311 tarne
458 2250 591 2311 saevius.
625 2249 746 2324 Agebat
760 2247 861 2310 adhue
879 2247 927 2309 ire
944 2264 1055 2324 regem
1068 2262 1151 2327 pree

177 2335 309 2410 eipitem
325 2350 393 2395 eum
406 2342 522 2411 partem
533 2333 686 2395 exereitus
697 2331 859 2405 amisisset,
873 2338 990 2406 partem
1001 2332 1153 2399 00de

178 2424 233 2491 set,
254 2418 354 2479 donee
372 2417 477 2491 timuit,
498 2425 585 2478 neat
603 2417 673 2492 ipse
688 2424 849 2477 vocaretur
868 2415 908 2477 ed
928 2422 1065 2479 sertem-2
1091 2422 1153 2483 bne

177 2501 298 2560 demum
319 2502 439 2574 signum
459 2499 597 2574 receptui
616 2501 709 2560 dedit.
739 2499 940 2561 servabantur
958 2498 1083 2563 interim
1103 2512 1150 2574 ge·

177 2597 308 2643 nerosee
323 2583 365 2642 ilii
379 2599 455 2642 aves
469 2590 501 2642 et
520 2583 720 2643 instrumenta
733 2583 891 2657 epularum
912 2583 1042 2647 camelis
1060 2580 1152 2647 rebe

177 2666 296 2738 bantur,
319 2682 387 2726 eum
409 2665 588 2727 sortirentur
609 2665 718 2726 milites
740 2664 817 2740 eius,
838 2666 908 2741 quis
929 2666 1012 2727 maie
1031 2665 1169 2742 periret,-

177 2749 248 2823 quis
264 2749 352 2824 peius
366 2749 491 2809 viveret

146 2835 160 2886 1
238 2833 316 2893 XXI.
337 2833 392 2893 Hie
405 2833 498 2894 iratus
518 2834 573 2894 suit
581 2834 661 2908 genti
676 2841 707 2894 et
721 2833 842 2908 ignotae
853 2841 883 2894 et
895 2830 1065 2907 inmeritae,
1084 2847 1153 2895 een·

176 2933 268 2978 surae
286 2925 400 2979 mmen:
429 2917 527 2996 Cyrus
543 2916 669 2979 flumini.
703 2916 778 2977 Nam
793 2933 862 2978 aum
874 2915 1042 2994 Babylone
1055 2932 1151 2992 appu·

176 3010 323 3074 gnaturus
345 3002 503 3063 festinaret
527 3003 567 3063 ed
588 3002 715 3076 beilum,
738 3001 825 3062 euius
846 3000 980 3061 maxima
998 3004 1155 3065 momenta

177 3084 207 3142 in
229 3084 445 3145 occasionibus
457 3093 540 3160 sunt,
571 3086 696 3160 Gynden
715 3085 776 3145 late
800 3085 904 3145 iusum
931 3099 1055 3146 amnem
1071 3082 1153 3147 uado

176 3167 306 3225 transire
318 3167 485 3242 temptavit
500 3167 585 3242 quod
599 3167 649 3226 vix
663 3175 759 3229 tutum
774 3173 829 3240 est,
851 3167 943 3230 essum
963 3183 1036 3231 urm
1057 3165 1156 3230 sensit

144 3255 322 3309 iaestatem
343 3248 426 3310 etad
446 3249 600 3310 minimum
623 3251 774 3313 deductus
789 3257 846 3313 est
883 3251 929 3314 lbi
950 3267 1033 3315 unus
1056 3268 1099 3313 ex
1117 3251 1153 3311 iis

176 3332 274 3408 equis,
291 3333 343 3408 qui
359 3333 477 3394 trahere
490 3334 606 3409 regium
623 3350 744 3396 currum
759 3334 819 3395 albi
835 3334 987 3410 solebant,
1002 3335 1152 3413 abreptus

175 3416 372 3478 uehementer
393 3418 555 3478 commovit
574 3433 694 3493 regem:
718 3417 828 3479 iuravit
845 3418 952 3493 itaque
973 3432 1011 3479 se
1032 3434 1153 3479 amnem
