2378 3856
209 210 338 273 LUDUS
352 210 404 270 DE
417 208 550 271 MORTE
562 209 731 271 CLAUDII.
753 217 851 272 4-6.
957 207 1021 272 uel·

59 361 99 421 rit.
127 367 188 434 [neo
202 371 269 434 poet
278 361 397 421 boletum
412 365 525 433 opipare
538 363 736 419 medimeutle
749 365 884 419 conditum
894 365 954 434 plue
966 366 1021 418 cibi

60 449 181 518 umpeit]
365 466 367 472 ⁴
385 443 388 449 ’
424 467 427 474 ·
461 444 463 448 '
640 464 644 497 ς
663 446 665 451 ’
713 489 717 495 ,
850 482 851 488 ,

110 529 147 586 V.
171 525 255 600 Quae
276 526 307 584 in
325 524 709 602 terris-posteaeiut'ec'te,
723 531 958 601 *supervacuum
971 533 1049 588 aeti

59 613 172 672 eierre.
193 607 288 669 ‘scitis
300 610 383 669 euim
397 611 525 686 mune,
543 610 861 683 uccvpericulumest,
873 625 924 670 ⁴ue
938 610 1020 671 exui-¹

59 697 136 768 lant,
155 708 235 769 quae
248 693 417 754 memoriae
424 692 907 768 gaudiumpublieumieoressit.
930 700 1020 754 neme

58 778 198 838 elicitatis
214 774 504 837 maecbuvisciun
523 775 554 835 ic
567 778 657 836 ecclc?
664 786 749 851 quae
758 776 898 838 aotasint
907 776 1021 836 audite.

58 862 126 921 ides
141 876 239 936 penes
254 867 411 919 auctorem
424 859 492 919 erit.
524 859 684 920 Nuntiatur
696 859 762 919 lovi
775 859 906 919 recisse,
916 867 1049 934 quem-2

58 945 118 1004 lam
132 945 236 1004 bonae<
246 949 395 1017 staturae,
409 942 490 1003 bene
507 958 626 1004 eanum.
653 940 761 1002 neseio
779 943 854 1019 quid
868 943 951 1005 illum
962 944 1020 1002 mi·

58 1028 122 1087 rari.
151 1024 281 1087 adsidue
303 1026 382 1085 enim
405 1033 497 1101 eaput
516 1042 650 1087 movere.
678 1025 789 1102 pedem
803 1027 944 1086 dextrum
960 1033 1020 1087 lra-

57 1126 129 1170 rere.
151 1109 319 1184 ‘quaesisse
333 1125 378 1181 se,
392 1110 482 1170 cuius
494 1108 625 1170 nationis
636 1115 741 1169 esset:
753 1111 957 1185 respondisse·
967 1124 1020 1168 ne·

57 1192 113 1253 icio
128 1190 202 1268 quid
222 1191 398 1266 perturbato
418 1207 499 1252 seno
514 1199 545 1252 et
562 1208 639 1254 voce
649 1193 793 1253 contusa.
827 1209 890 1252 non
904 1192 1020 1253 intelle·

57 1292 119 1350 ,rere
138 1293 176 1337 se
192 1276 329 1349 'linguam
349 1277 430 1336 eius
455 1285 517 1335 nec
528 1276 765 1335 Graecumeeue
778 1289 836 1334 nee
849 1276 1021 1334 Romanum

57 1377 103 1421 reo
129 1360 220 1427 ullius
245 1359 345 1433 gentis
371 1365 472 1419 notae.
507 1359 581 1417 Turn
607 1356 730 1433 Iupiter
746 1358 924 1429 Herculem,
948 1358 1048 1433 quiae

57 1450 141 1503 otum
161 1443 266 1502 orbem
289 1449 437 1504 terrarum
461 1449 673 1517 pererraverat
694 1448 723 1502 et
743 1457 843 1503 nosse
859 1441 1020 1500 videbatur

57 1542 151 1587 »mnes
166 1527 321 1597 nationes,
336 1524 420 1585 iubet
432 1524 477 1585 ire
487 1533 518 1585 et
529 1526 707 1600 explorare,
722 1540 852 1600 quorum
864 1522 1020 1589 homiuum

56 1617 137 1669 esset.
173 1610 247 1669 Tum
268 1609 416 1668 Hercules
439 1609 537 1683 prime
558 1609 710 1683 adspectu
730 1624 806 1668 sane
823 1608 1019 1682 perturbatus

56 1702 105 1766 ist,
128 1699 162 1752 ut
183 1709 270 1766 quem
289 1691 349 1751 iam
367 1709 429 1753 non
445 1693 547 1752 omnia
559 1699 697 1756 monstra
710 1691 870 1752 timuerint.
899 1698 932 1752 ut
944 1690 1021 1749 vidit

56 1777 117 1837 iovi
130 1776 253 1850 generis
273 1776 397 1848 faciem,
417 1775 572 1836 insolitum
586 1776 758 1847 incessum,
782 1789 891 1834 vocem
905 1773 1018 1834 nullius

58 1859 198 1919 errestris
218 1858 375 1931 animalis,
398 1859 455 1920 sed
476 1857 575 1933 qualis
591 1875 663 1919 esee
677 1858 802 1920 marinis
816 1857 916 1917 beluis
932 1858 1019 1929 solet,

56 1958 170 2002 aucam
185 1949 215 2002 et
230 1942 409 2016 inplicitum,
422 1942 548 2017 *putavit
560 1940 619 2002 sibi
634 1943 753 2002 tertium
767 1940 918 2001 decimum
934 1940 1019 2000 labo·

56 2041 109 2083 *em
130 2026 266 2085 venisse.
301 2023 481 2098 Diligentius
501 2026 628 2085 intuenti
647 2026 736 2086 visus
749 2031 798 2084 est
813 2024 902 2098 quasi
917 2024 1048 2085 homme

55 2108 177 2168 recessit
190 2109 293 2183 itaque
308 2116 338 2168 et
353 2108 436 2181 qued
453 2108 626 2169 facillimum
640 2108 697 2167 luit
711 2108 875 2179 Graeculo,
890 2106 946 2165 ait:

67 2190 124 2262 Τίς
138 2185 247 2252 πόθεν
262 2183 308 2261 εἷς
322 2181 473 2268 dodorim
496 2181 844 2268 coercendosque
858 2189 991 2267 contium

55 2274 189 2334 {laudius
203 2274 317 2348 gaudet
330 2288 403 2333 esse
416 2273 477 2334 illie
491 2273 666 2347 philologos
682 2271 838 2345 homines,
854 2272 986 2346 sperati
1007 2302 1018 2310 -

56 2373 144 2416 urum
165 2358 297 2431 aliquem
316 2355 451 2418 historiis
472 2356 538 2416 suis
559 2357 670 2418 locum.
694 2355 810 2429 *ltaque
825 2361 856 2412 et
872 2355 942 2428 ipse
957 2353 1017 2411 Ho-

55 2441 158 2499 nerico
173 2456 267 2500 versu
283 2438 446 2499 Caesarem
461 2455 497 2498 se
511 2454 583 2499 esse
599 2437 778 2512 significans
792 2437 842 2508 ait,

105 2516 243 2583 Ἰλιόθεν
257 2541 297 2600 με
312 2519 427 2599 φέρων
442 2514 564 2601 ἄνεμος
576 2513 758 2582 Κινόνεασι
771 2517 941 2580 πέλασσεν.

54 2606 115 2665 irat
129 2612 230 2665 autem
244 2603 379 2678 sequens
394 2620 503 2665 versus
518 2604 635 2680 verior,
658 2619 758 2680 aeque
771 2602 961 2675 Homericus,

95 2681 206 2747 ’uvea
219 2678 249 2747 δ’
263 2680 327 2765 ἐγῶ
342 2681 443 2748 πόλιν
458 2687 624 2768 ἔπραθον,
647 2679 755 2751 ὤλεσα
768 2677 798 2748 d'
812 2677 944 2756 αὐτούς.

104 2769 156 2826 vl.
178 2770 215 2827 Et
229 2768 408 2842 inposuerat
418 2770 557 2844 Herculi,
573 2771 688 2832 homini
703 2771 825 2831 udnlme
839 2769 942 2840 vaire,
960 2768 1018 2827 nisi
1032 2773 1048 2826 1

54 2855 153 2915 uisset
173 2852 234 2909 illic
250 2850 374 2924 Febris,
400 2850 482 2925 quae
501 2854 572 2913 lano
594 2869 652 2913 suc
672 2853 778 2912 relicto
799 2853 868 2911 ecla
882 2864 951 2908 cum
965 2849 1016 2908 illo

54 2940 183 2996 ueneram
212 2941 331 2999 eeteros
353 2949 460 2993 omnes
481 2934 559 2994 deos
579 2936 697 2994 Romae
717 2932 895 3006 reliquerat
925 2931 1017 3003 ,‚lete,

54 3020 154 3094 nquit,
175 3032 261 3076 mera
282 3016 442 3076 mendacia
461 3024 572 3076 narrat.
603 3015 732 3090 egotibi
746 3016 831 3087 diem
855 3013 1017 3087 quaecum
1053 3028 1058 3035 ·

53 3105 94 3163 llo
115 3109 160 3162 tot
179 3102 267 3161 annis
288 3099 363 3159 vixi:
392 3099 553 3174 Luguduni
572 3100 661 3158 natue
680 3106 740 3159 est.
770 3097 909 3158 'Munatio'
920 3096 1017 3156 muni-

53 3186 144 3262 :ipem
164 3186 261 3245 vides.
295 3182 379 3260 quod
393 3184 446 3243 tibi
460 3197 565 3257 narro,
587 3183 627 3242 ad
638 3190 760 3243 sextum
776 3179 1011 3254 decimum'lapi·

53 3271 113 3329 lem
133 3276 224 3329 natus
244 3274 292 3329 ost
312 3267 479 3341 avienua,
502 3267 606 3327 Gallus
620 3281 793 3340 germanus.
815 3263 1018 3338 itaquequod

53 3353 160 3412 {allum
180 3354 282 3412 iacere
304 3349 626 3427 oportebat,ltemam
646 3351 735 3425 cepit.
772 3350 861 3409 Hune
882 3362 940 3420 ego
963 3345 1017 3405 tibi

53 3436 159 3509 ·ecipio
174 3436 334 3510 Luguduni
346 3443 463 3507 natum,
486 3435 536 3494 ubi
548 3433 682 3496 Licinius
693 3433 794 3494 multis
807 3432 894 3491 aunis
906 3445 1015 3505 regna-
