2378 3856
113 180 177 247 288
393 183 425 244 L.
447 180 592 240 ANNAEI
616 180 791 241 SENECAE

115 336 169 396 sed
185 350 257 394 mox
274 333 326 406 [de
341 331 436 407 Sulla]
454 345 679 405 consequemur
697 330 853 415 quomodo
869 330 1012 395 hostibus
1026 332 1083 397 ire

116 419 262 479 scendum
288 417 341 486 sit,
373 415 478 489 utiquc
500 414 527 473 si
551 413 580 472 in
613 413 724 473 hostile
744 427 857 473 nornen
878 414 966 477 cives
989 424 1020 479 et
1044 434 1084 483 ex

84 502 224 570 neodem
238 513 368 574 corpore
382 496 501 572 abrupti
516 494 698 557 transierint.
725 494 848 557 interim
865 495 928 559 hoc
942 501 1026 575 quod
1038 500 1084 562 di-

115 586 222 645 cebam
241 581 400 643 clementia
416 579 522 653 elficit,
544 586 577 640 ut
596 595 738 655 magnum
758 579 836 640 inter
856 594 964 657 regem
982 590 1087 663 tyran.

115 681 247 742 numque
267 664 429 725 discrimen
454 663 511 735 sit,.
530 669 659 738 uterque
682 664 753 724 licet
778 677 841 723 non
866 664 969 727 minus
991 667 1077 729 mma

115 751 249 811 valletur.
281 749 337 808 sed
357 749 433 807 alter
453 761 537 805 orma
557 746 662 819 habet,
682 747 793 822 quibus
814 746 844 807 in
865 749 1075 813 munimentum

115 834 200 908 pacis
214 833 319 905 utitur,
343 831 431 902 alter,
448 837 481 888 ut
495 843 604 904 magno
619 830 727 892 timore
747 845 857 906 magna
877 832 952 893 odie
970 849 1077 911 coepe

115 923 195 987 scat,
216 930 273 975 nec
287 914 354 974 illas
368 913 454 986 ipsas
474 928 597 987 manus,
617 914 729 989 quibus
756 928 791 975 se
806 915 972 991 commisit,
993 932 1081 979 sccu-

86 1016 167 1072 4rus
182 997 322 1072 adspicit.
351 994 515 1056 Contrariis
531 997 560 1055 in
576 998 727 1058 contraria
739 996 849 1072 agitur.
870 1014 938 1061 netu
951 1014 1022 1061 cum
1035 1001 1082 1060 in-

115 1082 200 1141 visus
215 1081 267 1154 sit,
291 1080 362 1156 quie
374 1080 509 1151 timetur,
532 1079 629 1140 timeri
643 1082 721 1151 vult,
745 1082 817 1155 quia
833 1082 952 1145 invisus
972 1090 1037 1157 est,
1054 1091 1084 1143 et

70 1210 74 1215 .
114 1165 164 1224 illo
179 1160 360 1224 exsecrabili
371 1177 472 1237 versu,
485 1165 536 1238 qui
551 1164 663 1225 multos
674 1164 758 1225 dedit
769 1164 963 1243 praecipites,
975 1167 1083 1230 utitur:

402 1247 536 1320 Oderint,
561 1248 630 1307 dum
643 1254 780 1322 metuont,
885 1293 890 1301 .

114 1333 237 1407 ignarus
259 1337 372 1405 quanta
396 1328 498 1390 rabies
524 1330 650 1405 orietur,
678 1332 729 1392 ubi
751 1346 846 1409 supre
863 1331 990 1393 modum
1010 1332 1085 1393 odia

114 1422 283 1474 creverunt.
318 1420 504 1487 temperatus
526 1414 605 1473 enim
626 1415 716 1473 timor
737 1415 859 1476 cohibet
876 1415 1013 1487 animos,
1030 1417 1083 1477 ad-

114 1497 222 1558 siduus
245 1513 317 1557 vero
340 1503 370 1555 et
390 1512 461 1555 acer
478 1502 507 1555 et
527 1504 660 1556 extrema
680 1497 850 1559 admovens
869 1499 901 1559 in
921 1499 1083 1561 audaciam

87 1580 241 1639 elucentis
257 1580 368 1639 excitat
382 1585 412 1638 et
424 1579 524 1638 omnia
535 1577 668 1652 experiri
680 1581 799 1641 suadet.
819 1580 870 1642 Sic
882 1582 966 1643 leros
984 1582 1084 1645 tineae

114 1672 144 1723 et
164 1664 275 1738 pinnae
296 1665 398 1723 clusas
413 1662 575 1722 continent.
598 1662 722 1723 easdem
745 1680 764 1723 a
786 1671 872 1739 tergo
893 1680 992 1740 eques
1014 1666 1082 1733 telis

113 1749 261 1807 incessam
277 1747 465 1820 temptabunt
476 1745 578 1819 lugam
589 1761 645 1819 per
658 1747 735 1821 ipsa,
752 1760 831 1821 quae
844 1748 995 1822 ingerant,
1011 1765 1078 1825 pro-

114 1830 337 1904 culcabuntque
355 1828 553 1888 formidinem.
576 1829 733 1889 Acerrime
748 1829 842 1890 virtus
857 1836 913 1905 cst,
929 1847 1026 1907 quam
1041 1834 1085 1893 ul·

113 1914 184 1970 tima
211 1913 379 1973 necessitas
403 1910 549 1971 extundit.
591 1912 741 1985 relinquat
761 1919 883 1989 oportet
905 1915 1011 1974 securi
1032 1918 1086 1977 ali-

114 1995 186 2072 quid
201 2003 297 2057 metus
313 1994 469 2069 multoque
483 1996 552 2069 plus
568 1995 636 2069 spei
652 2011 742 2070 qnam
759 1997 965 2071 periculorum
980 2006 1086 2061 osten·

113 2085 169 2137 tet:
191 2079 341 2154 alioquin,
363 2076 415 2135 ubi
430 2077 598 2152 quiescenti
614 2080 699 2152 paria
718 2086 904 2153 metuuntur,
925 2081 1087 2144 incurrere

113 2162 142 2221 in
158 2161 293 2235 pericula
307 2162 390 2219 iuvet
405 2168 434 2220 ct
448 2161 501 2240 [et]
518 2161 617 2221 aliena
631 2162 732 2222 animo
745 2163 837 2225 abuti.
1020 2201 1024 2207 -

86 2255 99 2306 1
174 2246 250 2304 XIII.
268 2243 391 2303 Placido
406 2246 629 2319 tranquilloque
643 2246 708 2320 regi
722 2246 785 2307 fida
799 2253 870 2306 sunt
882 2246 1000 2307 auxilia
1018 2266 1085 2325 sua,

113 2336 145 2388 ut
167 2329 276 2403 quibus
298 2326 337 2385 ed
359 2343 548 2388 communem
570 2331 698 2390 salutem
719 2334 833 2403 ulatur,
862 2329 1086 2410 gloriosusque

112 2412 198 2470 miles
223 2410 378 2485 (publicae
398 2411 477 2470 enim
499 2412 652 2472 securitati
675 2428 710 2472 se
735 2412 808 2472 darc
832 2426 958 2486 operam
987 2417 1097 2499 videt)¹

114 2510 232 2553 omnem
248 2493 383 2554 laborem
398 2492 497 2553 libens
513 2494 624 2566 petitur
641 2501 674 2555 ut
692 2496 826 2570 parentis
846 2502 969 2556 custosa
996 2506 1031 2559 at
1054 2502 1085 2560 il·

114 2577 174 2634 lum
189 2576 331 2635 acerbum
346 2584 376 2636 et
390 2577 617 2650 sanguinarium
632 2593 761 2638 necesse
776 2584 824 2639 est
843 2585 1012 2654 graventur
1035 2583 1084 2645 sti·

84 2664 235 2732 apatores
251 2659 308 2717 sui.
329 2659 396 2718 Non
412 2667 514 2732 potest
526 2659 639 2720 habere
657 2660 820 2736 qumquam
831 2662 933 2721 bonae
947 2679 988 2723 ac
1004 2666 1084 2727 lidae

113 2739 276 2800 voluntatis
303 2741 471 2816 ministros,
500 2743 611 2817 quibus
637 2745 667 2802 in
691 2741 849 2804 tormentis
870 2751 902 2805 et
922 2750 1036 2811 eculeo
1057 2756 1083 2809 et

113 2823 300 2885 ferramentis
316 2824 358 2883 ed
373 2833 498 2886 mortem
515 2828 628 2901 puratis
651 2827 757 2901 utitur,
780 2827 892 2903 quibus
914 2845 977 2890 nou
998 2835 1081 2905 aliter

113 2923 204 2982 quam
218 2907 323 2968 bestiis
340 2909 479 2970 homines
500 2911 644 2986 obiectat,
660 2911 801 2972 omnibus
813 2914 965 2986 [mnium]
981 2933 1080 2978 rerum

111 2992 221 3051 rroxior
235 3008 271 3051 ac
288 2992 458 3065 sollicitior,
481 3000 514 3052 ut
535 2995 587 3068 qui
608 2994 747 3054 homines
766 2994 908 3070 deosque
927 3003 1029 3060 testes
1049 3015 1081 3060 ao

112 3074 248 3133 vindices
271 3076 439 3135 sucinorum
460 3075 575 3150 timeat,
599 3093 636 3137 eo
657 3077 838 3152 perductuS,
860 3084 971 3140 utnon
994 3083 1079 3155 liceel

111 3156 152 3214 illi
168 3164 283 3216 mutare
299 3172 411 3217 mores.
447 3158 506 3217 hoc
527 3159 605 3219 enim
627 3161 705 3221 iuter
724 3168 826 3222 celera
845 3163 893 3221 vel
911 3166 1080 3237 pessimum

112 3239 202 3299 habet
218 3240 395 3301 crudelitas:
418 3243 679 3315 perseverandum
694 3251 743 3305 est
760 3260 817 3304 nec
832 3244 872 3303 ed
885 3246 1018 3309 meliora
1032 3266 1081 3326 pu·

111 3330 153 3381 tet
168 3340 338 3398 regressus.
365 3325 483 3385 scelera
496 3327 575 3385 enim
588 3326 755 3387 sceleribus
770 3327 882 3388 tuenda
896 3335 984 3388 sunt:
1011 3331 1081 3408 quid

82 3412 210 3465 dautem
227 3422 264 3466 co
280 3406 445 3481 infelicius
470 3409 523 3468 cui.
541 3411 598 3467 iam
621 3425 692 3471 esse
713 3411 793 3469 mulo
812 3422 944 3469 necesse
959 3422 1034 3475 esti
1062 3414 1081 3481 0
