2378 3856
150 112 192 175 80
444 109 475 167 L.
499 107 644 168 ANNAEI
667 107 843 167 SENECAE

152 263 275 340 quando
296 262 396 337 patam
421 266 588 334 aperteque
611 259 784 319 iaciendum
806 266 869 333 est,
888 259 941 321 ubi
963 260 1071 327 minor
1093 266 1139 330 ιιι

152 347 222 408 mati
244 348 369 421 patitur,
395 343 560 418 atiquando
588 358 627 402 ex
655 344 790 415 occuito,
818 343 870 403 ubi
897 342 1025 406 nimium
1047 348 1142 411 ‘ardet

152 428 296 503 omnique
310 427 517 502 inpedimento
528 433 729 501 exasperatur
740 435 769 486 et
781 428 901 486 crescit.
921 428 1030 491 Retert
1042 446 1139 507 quan·

151 522 199 574 tas
216 512 297 571 vires
313 526 468 585 quamque
488 511 622 584 integras
636 509 763 584 habeat,
785 516 926 570 utmmne
940 513 1137 577 verberando

150 605 180 657 et
201 596 321 670 agenda
341 602 422 654 retro
439 595 479 653 sit
498 610 536 653 an
552 594 663 653 cedere
679 594 706 652 ei
725 592 909 666 debeamus,
929 595 1005 655 dum
1020 604 1139 675 tempe

122 688 214 743 astas
230 680 328 755 prima
345 676 499 749 desaevit,
520 693 559 736 ne
575 678 709 736 remedia
731 677 800 751 ipsa
816 693 920 738 secum
941 678 1031 740 ierat.
1062 682 1137 745 eon·

152 766 251 824 sitium
273 778 330 838 pro
347 761 483 820 moribus
506 761 658 834 cuiusque
678 759 861 834 capiendum
881 760 948 821 erit.
982 766 1136 839 quosdam

151 848 231 908 enim
253 861 362 922 preces
384 846 518 904 vincunt
553 842 676 918 quidam
698 843 844 904 insultant
863 846 1045 923 instantque
1066 850 1134 911 sub·

150 930 264 995 missis.
294 928 446 1002 quosdam
463 928 606 988 terrendo
622 927 822 1002 ptacabimus.
856 929 935 989 aiios
951 931 1136 1009 obiurgatio,

150 1014 228 1073 atius
250 1012 423 1085 confessio,
446 1012 524 1071 atius
545 1010 645 1085 pudor
665 1017 776 1085 coepto
796 1012 920 1087 deiecit,
940 1013 1020 1076 aiios
1042 1032 1136 1089 mora,

151 1099 262 1157 tentum
277 1093 452 1170 praecipitis
469 1096 536 1155 mati
551 1094 731 1167 remedium,
746 1095 784 1154 ad
799 1097 883 1171 quod
898 1096 1073 1161 novissime
1086 1100 1135 1161 de

121 1180 360 1248 ascendendum
383 1186 440 1239 est.
476 1179 572 1239 ceteri
598 1178 677 1237 enim
701 1178 840 1239 adtectus
861 1180 1041 1243 ditationem
1060 1184 1134 1245 reci-

150 1267 238 1341 piunt
253 1272 283 1323 et
303 1264 402 1324 curari
417 1264 534 1323 tardius
552 1271 697 1338 possunt:
720 1262 811 1322 huius
832 1261 955 1323 incitata
969 1272 1001 1326 et
1015 1282 1053 1329 se
1070 1269 1136 1343 ipsa

149 1351 274 1424 rapiens
289 1349 434 1407 vtotentta
448 1362 509 1407 non
526 1347 669 1421 paulatim
685 1347 838 1420 procedit,
861 1348 917 1407 sed
933 1347 1008 1409 dum
1022 1350 1134 1428 incipit,

150 1440 214 1492 tota
230 1439 287 1493 est.
310 1445 368 1489 nec
379 1429 508 1490 aliorum
524 1445 609 1489 more
622 1429 761 1490 vitiorum
776 1429 919 1490 sollicitat
934 1433 1069 1509 animos,
1082 1436 1133 1495 sed

151 1513 274 1573 abducit
290 1521 320 1573 et
340 1512 514 1588 inpotentes
530 1514 578 1572 sui
598 1514 792 1588 cupidosque
808 1513 857 1573 vei
876 1518 1052 1578 communis
1069 1518 1133 1579 maii

151 1598 298 1671 exagitat,
315 1611 373 1656 nec
389 1596 418 1654 in
434 1611 471 1656 ea
489 1604 602 1656 tantum
618 1596 647 1655 in
666 1612 746 1671 quae
761 1597 939 1670 destinavit,
961 1602 1067 1662 sedin
1086 1618 1133 1665 oc·

121 1682 302 1741 tcurrentin
325 1680 422 1739 obiter
443 1680 521 1740 furit.
550 1679 656 1739 Cetera
671 1680 741 1740 vitia
763 1680 911 1755 inpettunt
931 1682 1072 1747 animos:
1093 1688 1133 1746 im

151 1764 340 1839 praecipitat.
367 1764 458 1823 etiam
479 1764 506 1823 si
527 1764 672 1823 resistere
693 1771 799 1824 contra
820 1765 960 1825 adtectus
980 1784 1060 1829 suos
1077 1786 1133 1831 non

151 1847 234 1919 ticet,
252 1855 283 1906 at
297 1856 379 1907 certe
393 1846 566 1907 adfectibus
578 1848 656 1923 ipsis
671 1847 741 1907 ticet
757 1854 855 1907 staret
871 1849 947 1908 haec
960 1867 1026 1911 ιιοιι
1044 1869 1133 1913 secus

152 1947 243 2004 quam
269 1932 392 1991 tutmtna
419 1932 637 2006 procellaeque
657 1939 687 1991 et
708 1932 735 1990 si
756 1947 817 2006 qua
836 1933 896 1991 atta
916 1933 1134 1997 inrevocabitia

151 2020 235 2086 sunt,
251 2016 397 2089 quianon
414 2022 499 2087 eunt,
516 2014 571 2075 sed
587 2014 714 2089 cadunt,
730 2015 791 2073 vim
806 2031 892 2074 suam
907 2018 1007 2091 magis
1021 2034 1061 2079 ac
1075 2035 1133 2080 ma·

122 2099 197 2172 tgis
218 2098 323 2157 tendit.
358 2099 428 2158 Atia
443 2099 516 2159 vitia
535 2115 553 2159 a
569 2099 703 2172 ratione,
724 2099 783 2157 hoc
799 2114 817 2157 a
833 2101 962 2159 sanitate
979 2102 1134 2164 desciscit

150 2184 209 2241 atie
226 2197 375 2242 accessus
392 2184 477 2242 tenes
494 2182 608 2243 habant
621 2189 651 2241 et
665 2183 850 2242 incrementa
867 2184 1018 2244 tattentia=
1040 2188 1073 2247 in
1093 2189 1135 2247 ira

151 2266 288 2327 deiectus
309 2267 477 2327 animorum
494 2274 550 2326 est.
580 2268 662 2325 nuttn
677 2267 779 2342 itaqua
794 2282 845 2326 res
861 2276 949 2342 urget
964 2268 1067 2344 magis
1085 2271 1134 2330 ad·

149 2350 245 2407 tonita
267 2357 297 2408 et
316 2351 346 2408 in
363 2351 445 2409 vires
461 2366 535 2410 suas
556 2366 655 2424 prona
674 2357 705 2408 et
723 2352 790 2410 sive
805 2351 971 2426 successit,
989 2353 1134 2429 superba,

152 2432 217 2488 sive
239 2433 413 2505 frustratur,
437 2434 555 2492 insana.
591 2448 629 2492 ne
649 2434 776 2509 repulsa
802 2434 926 2510 quidem
949 2437 980 2495 in
1001 2438 1134 2499 taedium

150 2519 232 2586 acta,
253 2515 304 2572 uhi
328 2515 537 2574 adversarium
552 2517 672 2576 fortuna
686 2517 847 2591 subduxit,
865 2517 895 2576 in
915 2534 950 2579 ae
969 2519 1043 2595 ipsa
1057 2538 1135 2583 rnor-

150 2612 204 2654 sus
217 2611 292 2656 suos
305 2598 404 2656 vertit.
425 2598 552 2656 Nect
503 2614 536 2657 re
538 2599 603 2671 tert,
621 2606 764 2674 quantum
777 2603 816 2660 sit
830 2617 869 2661 ex
882 2618 944 2678 quo
957 2606 1137 2665 surrexerit

150 2695 189 2739 ex
206 2679 371 2740 levissimis
389 2681 467 2740 enim
485 2682 515 2740 in
531 2683 663 2741 maxima
678 2683 788 2744 evadit.

119 2778 134 2830 1
211 2763 247 2821 Ii.
280 2763 397 2823 Nuitam
422 2763 529 2825 transit
552 2774 695 2840 aetatem,
718 2769 831 2828 nultum
857 2769 1012 2830 hominum
1037 2787 1135 2847 genus

149 2845 273 2923 excipit.
303 2847 458 2922 Quaedam
479 2858 586 2924 gentes
607 2852 757 2911 beneficio
778 2854 924 2927 egestatis
940 2870 1001 2914 non
1019 2870 1136 2915 novere

149 2931 308 2990 luxuriam.
338 2934 503 3008 quaedam,
527 2935 598 3009 quia
617 2935 769 2995 exercitae
785 2943 816 2996 et
837 2952 934 3012 vagae
951 2943 1038 3013 sunt,
1060 2938 1136 2999 etiu-

147 3027 222 3085 gere
237 3014 398 3088 pigritiam.
427 3017 539 3090 quibus
554 3019 686 3078 incultus
702 3034 770 3078 mos
790 3019 985 3097 agrestisque
1000 3022 1065 3082 vita
1079 3030 1135 3095 est,

149 3092 392 3172 circumscriptio
413 3099 517 3172 ignota
531 3107 579 3160 est
593 3108 623 3159 at
638 3102 722 3162 traus
736 3110 767 3162 et
782 3104 1025 3200 quodcumque
1017 3122 1049 3165 ιιι
1067 3107 1133 3167 foro

147 3179 259 3238 malum
273 3181 420 3241 nascitur:
436 3182 518 3241 nulla
531 3198 607 3257 gens
621 3191 676 3257 est,
694 3202 784 3260 quam
798 3203 859 3248 non
872 3186 917 3248 ira
927 3186 1062 3264 instiget,
1075 3196 1135 3251 tam

147 3261 227 3323 inter
241 3262 351 3323 Graios
369 3279 460 3338 quam
474 3265 552 3325 inter
565 3266 714 3329 barbaros
728 3277 856 3345 potens,
872 3287 934 3332 non
949 3272 1049 3333 minus
1064 3287 1132 3349 per·

147 3345 266 3407 niciosa
288 3349 372 3422 leges
400 3350 603 3411 metuentibus
633 3369 724 3427 quam
752 3354 900 3430 quibus
892 3371 959 3415 rura
977 3355 1135 3432 distinguit
