2378 3856
294 211 343 271 nn
365 209 584 270 carnonam
608 211 681 271 tto.
692 213 714 270 1.
740 176 871 277 rr-ro.
1007 214 1069 280 saa

98 361 263 420 formosius
278 359 311 422 id
323 376 396 420 esse
408 361 715 437 magnificentiusque
727 364 875 437 fatebitur,
891 382 953 440 quo
966 365 996 426 in
1007 383 1069 427 ma·

95 443 154 504 lori
178 443 382 519 praestabitur
407 451 572 519 potestate,
599 461 691 519 quam
717 464 777 508 non
802 454 923 523 oportet
946 450 1069 510 noxiam

95 542 184 598 esse,
208 527 234 587 si
249 527 289 587 ad
303 536 430 589 naturae
443 529 541 603 legem
553 530 745 603 conponitur.
771 531 884 591 Natura
894 532 974 593 enim
986 548 1054 594 com
1084 527 1101 580 b

95 617 199 670 menta
212 617 260 670 est
272 626 391 686 regem,
413 612 498 686 quod
512 620 542 672 et
554 627 594 671 ex
604 611 672 673 aliis
683 614 864 674 animalibus
875 616 945 677 licet
955 631 1068 691 cogno·

95 709 185 753 scere
199 701 229 753 et
243 709 282 753 ex
296 696 423 769 apibus,
447 711 576 770 quarum
591 696 654 770 regi
670 696 890 772 amplissimum
906 698 1005 759 cubile
1022 708 1070 760 est

94 776 260 852 medioque
281 794 317 837 ac
337 778 488 839 tutissimo
510 780 589 839 loeo.
618 787 777 853 praeterea
797 797 891 842 onere
911 789 1002 842 vacat
1015 798 1068 843 ex·

95 868 182 920 actor
202 860 367 921 alienorum
389 877 531 936 operum,
554 870 584 922 et
598 863 713 923 amisso
729 879 802 939 rege
819 872 913 926 totum
928 865 1069 928 dilabitur

95 949 261 1017 [exumea],
283 959 340 1004 nec
360 957 504 1020 umquam
525 947 595 1020 plus
616 963 709 1008 unum
731 948 884 1023 patiuntur
898 949 1068 1009 meliorem-

96 1042 158 1101 que
179 1043 282 1102 pugna
301 1036 460 1104 quaerunt
491 1036 649 1104 praeterea
669 1029 798 1107 insignis
818 1033 883 1107 regi
903 1032 1001 1093 forma
1021 1042 1069 1095 est

95 1109 316 1187 dissimilisque
338 1112 447 1173 ceteris
467 1119 529 1172 turn
550 1113 772 1188 magnitudine,
798 1121 861 1175 tum
876 1117 983 1177 nitore
1009 1116 1068 1179 hoc

96 1200 195 1253 tamen
216 1196 348 1255 maxime
368 1194 571 1270 distinguitur.
603 1196 859 1257 Iracundissimae
877 1213 913 1258 ac
929 1215 985 1274 pro
1001 1215 1066 1260 cor-

97 1277 182 1351 poris
203 1286 295 1353 captu
316 1279 562 1353 pugnacissimae
583 1288 654 1362 sunt
674 1294 751 1354 apes
770 1287 801 1341 et
816 1281 941 1342 aculeos
957 1283 986 1341 in
1001 1285 1065 1343 vol·
1115 1294 1130 1325 ι

94 1376 169 1420 nere
191 1361 379 1437 relinquunt:
406 1378 463 1422 rex
483 1362 550 1436 ipse
571 1363 638 1422 sine
652 1365 760 1422 aculeo
776 1369 833 1424 est.
868 1362 970 1424 Noluit
984 1364 1098 1445 illutntl

94 1451 203 1505 natura
217 1461 275 1505 nec
289 1461 415 1505 saevum
431 1461 502 1506 esse
512 1461 569 1505 nec
580 1445 725 1506 ultionem
736 1462 847 1521 magno
860 1452 1066 1508 constaturam

94 1535 213 1603 petere,
236 1529 390 1605 telumque
411 1527 542 1589 detraxit
556 1527 673 1590 stiram
689 1529 755 1590 eius
770 1530 915 1590 inermem
929 1531 1065 1607 reliqum

93 1614 252 1688 exemplar
263 1613 322 1673 hoc
334 1612 451 1688 magnis
463 1611 587 1687 regibus
600 1613 707 1688 ingens
720 1620 776 1672 est.
799 1614 935 1673 estenlm
946 1615 987 1674 ilii
998 1630 1065 1675 mos

94 1712 239 1756 exercere
260 1712 295 1756 se
315 1695 346 1755 in
369 1697 471 1771 parvis
492 1705 522 1756 et
542 1696 706 1771 ingentium
722 1711 823 1756 rerum
838 1696 1021 1758 documento
1034 1701 1066 1759 io

92 1778 216 1839 minima
235 1796 349 1854 copere.
385 1778 559 1840 Pudeat-ab
580 1780 699 1856 exiguis
721 1779 901 1840 animalibus
923 1797 984 1842 non
1006 1778 1097 1840 tra-4

91 1862 166 1922 bere
182 1878 300 1936 mores,
323 1879 392 1923 cum
407 1870 489 1922 tanto
501 1861 656 1923 hominum
666 1863 852 1925 moderatior
863 1877 934 1924 esse
945 1862 1065 1924 animus

92 1946 217 2019 debeat,
245 1954 358 2022 quanto
379 1945 588 2007 vehementius
603 1955 701 2009 nocet.
738 1947 858 2009 Utinam
876 1947 998 2023 quidem
1014 1962 1062 2008 eu·

92 2030 162 2089 dem
182 2029 296 2091 homini
317 2028 367 2087 lex
389 2035 486 2099 esset,
509 2036 543 2089 ut
561 2031 609 2089 ira.
625 2047 693 2091 cum
715 2032 775 2090 telo
796 2046 852 2091 suo
876 2032 1064 2105 frangeretur

91 2128 149 2173 nec
170 2114 295 2188 saepius
311 2113 416 2172 liceret
432 2126 544 2170 nocere
560 2128 651 2186 quarn
667 2115 777 2186 semel,
801 2128 858 2172 nec
871 2112 980 2172 alienis
995 2111 1062 2172 viri·

92 2196 150 2255 bus
171 2211 317 2256 exercere
338 2195 423 2256 odiat
451 2194 540 2253 facile
562 2195 640 2254 enim
661 2194 829 2255 lassaretur
844 2197 942 2267 furor,
966 2195 1064 2269 siper

91 2294 126 2338 se
147 2278 205 2338 sibi
225 2279 416 2340 satisfaceret
432 2284 461 2339 et
476 2278 502 2337 si
517 2275 622 2338 mortis
637 2278 772 2353 periculo
789 2278 848 2337 vim
864 2293 951 2338 suurn
966 2276 1063 2337 effun-

90 2364 185 2422 deret.
222 2363 285 2422 Sed
299 2379 338 2422 ne
352 2377 433 2422 nuno
448 2359 570 2437 quidem
585 2359 626 2420 illi
642 2376 751 2421 cursus
766 2367 848 2421 lutus
863 2367 920 2421 est.
948 2361 1093 2421 tantuma

90 2447 171 2505 enirn
182 2461 312 2506 necesse
324 2453 370 2505 est
385 2447 500 2518 timeat,
520 2450 665 2518 qtrantum
678 2444 773 2504 timeri
786 2441 897 2517 voluit,
912 2450 942 2503 et
954 2459 1062 2503 munus

91 2529 226 2604 omnium
239 2528 382 2588 observet
393 2536 423 2589 et
434 2543 471 2588 eo
483 2542 607 2603 quoque
618 2533 762 2602 tempore,
772 2543 833 2602 quo
846 2542 906 2587 non
916 2532 1062 2601 captatur,

91 2612 153 2688 peti
166 2627 201 2672 se
212 2609 325 2671 iudicet
335 2613 511 2687 nullumque
522 2618 705 2672 momentum
717 2610 839 2674 inmune
852 2617 958 2672 ometu
970 2610 1062 2671 bube-

90 2703 137 2755 atr
152 2695 233 2755 hanc
244 2695 355 2769 aliquis
367 2709 458 2770 ogere
470 2695 561 2756 vitum
574 2693 711 2769 sustinet,
727 2709 794 2755 cum
807 2695 896 2756 liceat
906 2694 1062 2755 innoxium

89 2778 173 2849 aliis,
198 2778 238 2838 ob
253 2777 313 2837 boc
327 2792 470 2837 securum
484 2779 617 2839 salutaro
632 2778 786 2854 potentiae
800 2778 849 2838 lus
862 2777 951 2837 laetis
967 2776 1063 2836 omnl-

89 2863 147 2921 bus
169 2866 319 2921 tractaret
348 2867 429 2919 errat
448 2859 542 2933 eninr,
560 2860 597 2922 'oi
617 2861 687 2936 quis
704 2858 861 2936 existimat
881 2865 974 2919 tutum
990 2873 1062 2918 osse

88 2944 129 3005 lbi
144 2958 256 3019 regem,
271 2941 324 3004 ubi
339 2941 413 3002 nihil
427 2956 446 3001 a
460 2955 534 3017 rege
548 2947 654 3019 tutum
667 2943 726 3007 ead
736 2941 885 3007 securitas
897 2939 1061 3002 securitate

87 3036 192 3088 mutua
214 3025 400 3102 paciscenda
419 3029 476 3085 est.
510 3022 578 3087 lloo
598 3038 680 3103 opus
698 3024 912 3093 alwoltum
925 3023 956 3085 ln
970 3023 1093 3085 altumtt

87 3112 185 3171 editas
202 3124 289 3170 arces
305 3123 363 3168 nee
378 3108 407 3168 in
421 3107 608 3169 adscensum
621 3106 847 3177 moult·
857 3104 994 3175 munire
1005 3120 1063 3169 nec

87 3199 182 3255 latera
203 3192 350 3252 montium
370 3189 548 3266 abscidere,
569 3188 654 3253 multi
708 3194 718 3269 j
799 3204 844 3236 ¹·
861 3186 958 3255 wit
973 3187 1062 3251 lttrrl·

86 3279 208 3352 busque
230 3273 348 3348 sepirez
370 3273 489 3335 salutm
509 3284 617 3349 ment
632 3270 672 3337 lo
888 3270 960 3337 “lli
971 3284 1062 3351 prae·

84 3360 186 3420 stabit.
228 3357 328 3418 Unum
349 3361 397 3416 ost
415 3354 571 3433 inexpugn
694 3430 697 3435 Ι
956 3352 1054 3500 Ἴ

85 3445 177 3504 vium.
212 3439 288 3515 Quid
305 3436 462 3515 pulchrius
476 3445 639 3515 olquutttf
665 3518 668 3525 Ι
