2378 3854
271 193 374 255 olai.
392 194 445 252 tv.
472 191 523 252 DE
544 192 612 251 IRA
632 190 706 250 LlB.
726 191 760 248 ll.
784 198 881 251 l-d.
1028 189 1069 252 55

85 357 161 412 ctus.
193 347 354 419 Indeest,
377 345 461 420 quod
482 343 657 404 adridemus
678 343 847 405 ridentibus
868 353 899 405 et
913 345 1097 407 contristata

86 450 142 495 nos
164 430 256 492 turba
276 429 477 490 moerentium
498 437 528 488 et
548 425 777 487 effervescimus
798 429 839 488 ad
859 428 959 488 aliena
975 436 1070 489 certa-

86 519 181 589 mina,
207 529 290 591 quae
311 528 373 572 non
394 519 466 573 sunt
484 510 563 586 irae,
584 528 645 571 non
661 512 866 587 magis'quam
880 512 1000 581 tristitia
1015 521 1070 587 est,

87 615 167 678 quae
187 598 228 658 ad
249 602 451 672 conspectum
470 595 581 656 mimici
597 594 745 669 naufragii
761 597 911 657 contrahit
931 598 1069 670 luentem,

86 701 147 746 non
162 681 264 757 magis
279 696 372 757 quarn
387 679 491 750 timor,
507 678 560 753 qui
574 676 744 738 Hannibale
764 687 836 753 post
853 679 972 742 Cannas
987 697 1070 742 moe·

86 769 134 829 uia
156 763 396 826 circumsidente
416 763 540 824 lectoris
560 762 711 837 percurrit
730 763 859 824 animos.
892 763 948 824 sed
970 765 1072 824 omnia

86 854 145 913 ista
159 857 264 910 motus
279 855 351 908 sunt
365 846 532 908 animorum
548 845 664 906 moveri
675 847 841 907 volentium
854 862 910 907 nec
922 848 1070 922 adlectus,

87 936 144 996 sed
167 932 320 1009 principia
340 930 534 1006 proludentia
552 929 734 990 adfectibus.
767 930 818 992 Sic
839 932 920 991 enim
934 931 1100 991 militarlsd

87 1019 144 1079 viri
164 1018 196 1077 in
217 1015 320 1076 media
341 1029 418 1091 paee
438 1014 500 1073 iam
512 1015 605 1088 togati
621 1030 711 1074 aures
728 1015 801 1077 tuba
815 1015 943 1076 suscitat
958 1032 1070 1092 equos·

88 1118 149 1179 que
160 1107 339 1161 castrenses
350 1097 437 1172 erigit
449 1097 582 1172 crepitus
593 1112 756 1158 armorum.
771 1099 980 1160 Alexandrum
989 1101 1073 1160 aiunt

87 1183 295 1260 Xenophanto
309 1189 436 1243 canente
450 1197 573 1241 manum
588 1181 628 1240 ad
644 1197 729 1241 arma
742 1181 875 1242 misisse.

150 1269 202 1328 lll.
224 1266 305 1327 Nihil
319 1282 359 1326 ex
373 1265 437 1339 his,
460 1281 539 1339 quae
553 1265 686 1324 animum
700 1265 824 1326 lortuito
839 1266 1003 1341 inpellunt,
1019 1268 1072 1327 ad·
1085 1280 1100 1330 1

69 1406 71 1410 .
90 1356 188 1414 lectus
202 1350 309 1412 vocari
322 1349 429 1410 debet:
446 1350 518 1423 ista,
538 1356 571 1409 ut
585 1348 626 1407 ita
640 1349 755 1423 dicam,
769 1349 881 1423 patitur
894 1351 991 1425 magis
1009 1351 1072 1410 ani-

90 1443 157 1498 mus
180 1451 274 1512 quam
288 1434 369 1494 lacit.
402 1449 476 1507 ergo
492 1433 631 1493 adlectus
646 1440 769 1493 estnon
783 1434 821 1493 ad
840 1434 958 1495 oblatas
972 1449 1074 1494 rerum

91 1521 215 1598 species
235 1517 368 1590 moveri,
389 1517 446 1576 sed
467 1516 640 1592 permittere
655 1533 691 1577 se
705 1516 764 1577 illis
779 1524 809 1578 et
822 1518 904 1578 hunc
919 1519 1073 1581 fortuitum
1129 1559 1137 1573 .

90 1613 205 1666 motum
227 1600 386 1678 prosequi.
419 1599 494 1659 Nam
515 1601 542 1659 si
558 1599 627 1675 quis
642 1602 788 1676 pallorem
803 1610 834 1662 et
848 1603 988 1664 lacrimas
1003 1614 1103 1680 pro-a
1163 1603 1168 1608 ’

91 1685 222 1749 cidentis
237 1693 268 1746 et
287 1682 490 1745 incitationem
508 1684 644 1745 humoris
660 1684 809 1747 obscoeni
825 1688 957 1747 altumve
972 1688 1073 1761 suspi-

90 1773 168 1833 rium
183 1777 214 1831 et
229 1770 338 1831 oculos
352 1767 454 1828 subito
467 1767 600 1827 acriores
612 1777 664 1829 aut
675 1769 750 1843 quid
760 1769 809 1830 his
820 1771 918 1830 simile
928 1770 1073 1831 indicium

91 1856 231 1916 adlectus
247 1853 400 1928 animique
414 1851 535 1926 signum
549 1859 643 1926 putat,
661 1853 771 1914 lallitur
785 1869 842 1913 nec
857 1854 993 1930 intelligit
1008 1869 1074 1916 cor·

92 1934 178 2014 poris
196 1936 255 1997 hos
278 1951 350 1997 esse
371 1937 489 2011 pulsus.
520 1935 626 2009 ltaque
647 1944 677 1996 et
698 1938 881 1998 fortissimus
897 1941 1105 2016 plemmquee

90 2024 138 2082 vir
152 2021 226 2082 dum
241 2027 389 2094 armatur,
411 2019 558 2095 expalluit
571 2027 602 2079 et
621 2020 709 2095 signo
724 2036 846 2097 pugnae
862 2023 932 2084 dato
949 2024 1075 2084 ferocis-

92 2105 172 2166 simo
191 2103 278 2166 militi
296 2105 421 2180 paulum
441 2117 542 2178 genua
562 2113 749 2165 tremuerunt
768 2113 798 2165 et
818 2121 929 2180 magno
945 2107 1074 2179 impera-

92 2190 167 2261 tori,
189 2191 353 2263 antequam
374 2188 452 2248 inter
473 2202 508 2247 se
529 2187 612 2247 acics
633 2187 808 2262 arietarent,
830 2203 884 2249 cor
904 2189 1028 2249 exsiluit
1046 2198 1077 2250 et

93 2271 209 2334 oratori
234 2271 502 2357 eloquentissimo,
528 2271 600 2332 dum
623 2272 663 2330 ad
688 2271 852 2330 dicendum
873 2273 1075 2346 componitur,

93 2371 215 2418 summa
227 2356 393 2431 riguerunt.
420 2355 469 2416 lua
487 2363 548 2415 non
563 2353 680 2415 moveri
695 2361 808 2413 tantum
823 2354 929 2425 debet,
952 2355 1009 2415 sed
1023 2359 1106 2416 ext

93 2455 234 2502 currere:
256 2447 304 2501 est
317 2438 398 2500 enim
413 2438 545 2514 inpetus.
572 2453 738 2512 numquam
759 2444 859 2498 autem
874 2438 996 2514 inpetus
1010 2440 1077 2503 sine

94 2526 232 2585 adsensu
247 2524 356 2584 mentis
372 2531 428 2583 est.
449 2538 550 2598 neque
567 2520 648 2581 enim
659 2521 725 2581 lieri
740 2529 851 2596 potest,
867 2533 900 2584 ut
913 2525 953 2585 de
963 2525 1078 2587 ultione

95 2615 124 2669 et
139 2622 245 2684 poena
259 2613 367 2684 agatm
381 2607 481 2667 animo
504 2607 676 2666 nesciente:
698 2607 816 2680 putavit
836 2624 871 2668 se
888 2609 999 2685 aliquis
1015 2611 1077 2672 lae·

95 2708 178 2766 sum,
195 2691 292 2752 voluit
303 2689 425 2764 ulcisci,
440 2690 640 2752 dissuadente
654 2690 758 2765 aliqua
771 2691 866 2753 causa
879 2694 979 2754 statim
994 2711 1078 2754 rese·

95 2775 152 2837 dit:
174 2775 257 2835 banc
271 2777 346 2835 iram
360 2790 423 2834 non
436 2790 531 2846 voco,
554 2775 645 2852 [coeo]
660 2782 776 2835 motum
790 2777 881 2836 animi
899 2777 1010 2838 rationi
1024 2794 1077 2852 pa-

94 2866 222 2920 rentem.
248 2859 301 2919 illa
314 2863 362 2919 est
377 2856 431 2931 ira,
448 2874 528 2933 quae
542 2858 691 2918 rationem
704 2857 860 2933 transsilit,
878 2876 958 2935 quae
973 2874 1079 2919 secum

95 2944 182 3019 rapit.
199 2957 274 3018 ergo
286 2941 387 3018 prima
399 2941 450 3002 illa
464 2941 588 3018 agitatio
600 2941 700 3016 animi,
713 2956 805 3015 quarn
816 2943 938 3016 species
952 2940 1109 3003 iniuriaet

96 3026 233 3102 incussit,
248 3041 311 3087 non
326 3025 423 3100 magis
435 3026 480 3086 ira
490 3031 538 3087 est
550 3041 641 3100 quam
655 3027 725 3102 ipsa
738 3023 866 3085 iniuriae
877 3024 1016 3100 species:
1030 3023 1081 3086 ille

97 3125 232 3188 sequem
246 3110 381 3188 inpetus,
397 3111 450 3184 qui
463 3109 599 3186 speciem
613 3108 741 3170 iniuriae
752 3125 814 3169 non
827 3116 940 3171 tantum
953 3111 1081 3190 aceepit,

97 3194 151 3256 sed
166 3193 369 3273 adprobavit,
384 3192 431 3265 ira
444 3201 505 3268 est,
528 3192 689 3254 concitatio
707 3191 798 3252 animi
813 3194 854 3253 ad
867 3193 1014 3256 ultionem
1027 3211 1083 3255 vo-

98 3278 209 3343 luntate
228 3288 262 3342 et
280 3275 397 3342 iudicio
418 3277 582 3352 pergentis.
613 3292 779 3351 numquam
800 3277 925 3338 dubium
940 3285 989 3338 est
1009 3275 1082 3351 quin

99 3360 183 3428 timor
197 3367 306 3442 lugam
320 3359 449 3434 hebeat,
470 3361 515 3420 ira
528 3361 673 3435 inpetum.
695 3359 767 3419 vide
781 3375 855 3434 ergo
871 3377 909 3420 an
925 3366 1015 3433 putes
1030 3356 1083 3416 ali-

100 3449 167 3522 quta
180 3451 251 3515 sine
264 3446 408 3509 adsensu
421 3444 530 3504 mentis
544 3451 596 3503 aut
610 3443 673 3518 peti
687 3456 784 3516 posse
798 3450 850 3503 aut
865 3439 976 3502 caveri.
