2378 3856
154 183 454 261 nneomtonitut
473 183 526 246 nit
546 184 641 245 vlit
658 184 799 249 ΒΕΑΪΑ.
820 193 924 248 8-11.
965 180 1029 261 itt

58 355 150 417 quam
163 341 242 399 ultra
256 337 358 399 tinem.
377 338 486 413 ltaque
500 352 595 412 erras,
616 352 686 413 eum
700 337 880 414 interrogas,
900 339 1061 416 quidritt

55 423 140 498 illud,
155 420 378 500 propterquod
391 419 532 491 virmtem
546 428 664 498 peteme
677 420 804 499 quomis
820 422 900 484 erim
911 422 1030 501 aliquid

56 521 151 581 supra
162 521 322 583 summum.
338 505 516 579 interrogas,
529 505 605 581 quid
615 511 716 581 petam
726 520 767 566 ex
778 504 1029 582 vlrtutotipsarn.

55 589 129 650 nihil
144 589 226 649 enim
237 586 458 660 habetmelius,
477 587 548 664 ipsa
557 585 691 665 pretium
707 588 766 653 sui.
784 589 835 651 An
850 589 910 651 hoe
923 606 1030 667 parum

54 688 199 749 munem
213 678 279 748 est,
301 686 368 733 eiam
382 669 436 735 titi
448 670 565 735 diremi
585 687 736 737 stauarum
749 670 864 735 bonum
876 683 925 736 est
940 675 1030 734 intra·

55 757 124 833 gitis
141 753 234 817 animi
248 754 331 832 rigor
346 754 582 831 etpruvideniiu
599 762 633 819 et
646 753 803 821 subtilitas
815 763 846 817 et
866 757 980 819 minitas
1000 764 1031 817 et

55 839 180 900 libertas
199 845 229 900 et
242 836 409 913 eouomdie
422 845 453 901 at
471 837 589 905 deseri
605 839 721 914 aliquid
740 839 917 903 eimnntrns
933 840 1030 915 ex'gis

54 922 163 996 maius,
182 921 225 983 ad
243 922 328 999 quod
348 921 408 998 iem
427 923 625 995 tolerantissi-
643 920 732 999 *Quid
748 922 824 987 riui
844 927 1031 1000 unianimem

55 1005 217 1069 nominas?
236 1005 368 1071 hominis
381 1003 496 1069 bonum
511 1022 635 1083 misere,
648 1021 713 1068 nou
729 1006 851 1082 ventris,
870 1008 922 1083 qui
936 1023 1030 1084 petu-

56 1089 146 1151 dibus
159 1104 195 1150 ae
210 1089 309 1153 beluis
324 1088 422 1152 laxior
435 1095 494 1155 est
637 1150 650 1161 .,

117 1173 153 1235 it
174 1172 387 1249 ,‚Diasirnulas,
400 1173 507 1248 iuquit
521 1173 600 1248 guid
615 1190 636 1235 a
652 1188 701 1244 me
718 1172 848 1234 matur.
870 1189 929 1250 ego
949 1173 1062 1243 enimn

55 1272 135 1332 nego
152 1271 337 1333 quemquam
352 1271 448 1331 posse
462 1256 595 1317 ineundo
610 1256 728 1329 vivere,
748 1255 808 1315 nisi
820 1256 912 1318 simul
929 1263 963 1319 et
976 1258 1031 1319 ho·

56 1348 144 1401 nesta
156 1340 241 1401 vivit.
263 1338 347 1418 quod
360 1355 423 1401 non
434 1344 539 1414 potest
552 1337 645 1402 mutis
659 1337 837 1414 contigere
851 1339 1032 1402 animalibus

55 1439 114 1485 neo
129 1424 348 1497 bonumsram
364 1420 433 1483 eino
453 1420 656 1485 metientibus.
682 1422 775 1496 olere,
795 1420 906 1499 inquit,
927 1438 965 1484 ae
978 1438 1032 1499 pa·

56 1511 117 1568 lam
130 1512 227 1567 testor
245 1503 327 1567 hena
347 1505 454 1579 vitam,
474 1520 567 1580 quam
587 1519 648 1580 ego
668 1505 832 1569 iucundam
852 1522 948 1580 voto,
969 1523 1032 1569 unu

57 1591 126 1652 sine
138 1588 260 1651 adiecta
271 1588 381 1651 virente
395 1588 601 1664 coningere“
630 1589 728 1665 atqui
746 1590 819 1666 quis
832 1587 954 1665 ignorat
963 1591 1030 1667 ple·
1043 1598 1062 1653 2

56 1669 204 1734 nissimos
219 1686 292 1751 esse
287 1671 511 1751 vuluptatibus
525 1670 638 1735 vestris
655 1672 851 1736 stultissimos
868 1681 1032 1750 quosquat
1154 1729 1157 1734 .

57 1765 88 1818 et
101 1755 268 1834 nequitiam
276 1740 444 1818 mundam
465 1755 609 1818 ineundis.
623 1757 822 1832 animumque
842 1757 943 1834 ipsum
959 1765 1032 1855 [noe

56 1845 183 1913 tuntum]
200 1855 315 1915 genera
328 1839 493 1919 volitptatis
509 1841 675 1916 prateriis·
685 1841 780 1903 muita
794 1847 982 1916 suggereret
1000 1841 1033 1903 in

57 1923 163 2000 primis
185 1921 377 1985 insolentiam
398 1930 430 1985 et
452 1921 576 1986 nimium
600 1924 842 1994 aestimationem
861 1925 909 1986 sui
935 1933 1031 1988 tumo-

56 2021 184 2082 remque
204 2006 317 2071 elatum
336 2022 430 2082 super
448 2014 568 2070 emeres
586 2014 618 2068 et
635 2023 769 2070 amorem
787 2023 890 2070 rerum
906 2024 1034 2070 suarum

59 2104 185 2152 eaerum
201 2094 231 2149 et
243 2089 449 2164 inprovidum,
469 2088 596 2155 delicias
610 2089 737 2153 fluentis
751 2097 782 2152 et
796 2107 836 2153 ex
850 2092 981 2152 minimis
997 2106 1034 2152 aa

57 2171 227 2252 puerilibus
244 2171 347 2233 causis
369 2173 612 2247 exsultationem,
635 2172 696 2235 iam
716 2174 907 2237 munimem
927 2191 964 2235 ae
983 2191 1034 2236 su·

22 2310 30 2325 ,
57 2256 196 2333 peruiam
211 2254 400 2317 contumeliis
413 2255 609 2332 gaudentem,
624 2256 774 2319 desidiam
787 2256 1033 2321 dissolutionem·

59 2355 121 2417 que
143 2337 247 2415 segnis
271 2337 363 2399 animi
384 2338 594 2402 indormientis
620 2339 695 2400 sibi:
722 2340 918 2401 haecomnia
937 2341 1065 2410 virture

58 2423 183 2485 discutit
199 2430 232 2484 et
247 2437 352 2486 aurem
374 2421 513 2498 pervellit
533 2429 564 2482 et
582 2423 755 2498 voluptates
777 2423 929 2497 asstmnat,
949 2430 1034 2485 ante·

57 2523 150 2586 quam
165 2507 308 2582 adnittnt,
329 2507 389 2571 nee
400 2505 530 2585 [quatri
551 2505 701 2582 probavit,
721 2507 823 2582 magri
841 2507 955 2584 pendit
977 2509 1033 2571 uti·

58 2607 119 2668 qne
133 2589 213 2652 enim
225 2589 362 2666 admittit,
382 2606 441 2653 nee
454 2588 642 2665 neutrarum,
664 2591 722 2652 sed
736 2593 936 2668 temperantia
952 2593 1035 2655 laeta

57 2681 114 2736 est
145 2675 344 2752 temperantia
362 2680 463 2738 autem
485 2689 556 2737 eum
575 2676 749 2751 voluptates
770 2676 899 2751 minuat,
925 2676 1035 2738 sumni

56 2757 130 2818 boni
145 2756 254 2819 iniuria
276 2766 332 2821 est.
372 2761 416 2821 Tu
434 2759 622 2833 voluptatem
643 2758 857 2834 conplecteris,
880 2775 940 2834 ego
962 2775 1035 2820 eou-

57 2856 163 2918 passo.
190 2843 393 2918 inuoluptate
409 2842 528 2914 irueris,
550 2857 607 2916 ego
628 2849 707 2904 utor.
731 2849 764 2903 tu
782 2841 863 2902 illam
884 2857 1036 2903 summum

56 2925 172 2985 bonurn
191 2929 290 2998 putes,
305 2938 364 2998 ego
379 2940 437 2985 nee
451 2925 577 2985 bonum.
599 2931 632 2985 tu
646 2923 750 2984 omniu
760 2923 928 2998 voluptatis
941 2937 1037 2983 eausa

58 3005 145 3082 iacis,
161 3021 219 3083 ego
235 3005 318 3065 nihil.

120 3090 171 3153 Xl.
192 3089 266 3150 Cum
282 3088 352 3149 diro
368 3104 417 3149 me
431 3087 504 3150 nihil
515 3087 680 3162 voluptatis
692 3103 788 3150 oerisa
802 3090 912 3161 lesere,
930 3089 968 3151 de
984 3089 1035 3152 illo
1051 3099 1067 3154 1

57 3178 170 3251 loquor
184 3171 332 3249 sapienta
355 3170 404 3233 eui
419 3171 477 3235 soli
491 3171 639 3234 concedis
653 3173 848 3248 voluptatem.
878 3190 940 3234 non
956 3189 1035 3236 voeo

40 3265 43 3269 ’
60 3266 159 3320 autem
173 3256 352 3333 sapientem,
369 3272 464 3331 snpra
484 3271 574 3334 quem
590 3254 754 3332 quiequam
771 3264 829 3332 est,
851 3258 964 3318 nedum
981 3273 1035 3317 vo·

58 3342 175 3419 lupiani
197 3340 281 3418 atqui
296 3340 335 3401 ab
350 3340 408 3403 hae
426 3346 596 3417 occupatus
616 3341 774 3417 quomodo
794 3340 919 3402 resistet
937 3339 1036 3400 labori

59 3431 90 3487 et
100 3424 247 3503 periculo,
264 3423 391 3500 egestati
403 3430 433 3485 et
443 3430 488 3486 tot
495 3422 661 3485 humanam
673 3424 766 3486 vitam
781 3421 1035 3541 meumstrepen·

819 3515 854 3566 ttt
