2378 3856
116 200 180 263 212
310 199 344 260 L.
367 197 514 259 nunaut
536 197 712 257 SENECAE
732 198 837 259 butL.
849 196 887 257 Χ.

49 348 52 353 ’
118 371 170 417 res
190 353 417 431 praeterierint,
445 366 515 412 cum
535 348 834 425 per-diversissimas
849 350 965 413 domos
977 351 1095 413 merito

118 440 193 499 riom
219 435 433 497 salutationem
453 433 705 506 eimumtnlerint,
732 440 859 509 quotum
880 448 1041 510 quemque
1060 452 1096 497 ex

87 532 177 586 itam
203 523 343 581 inmense
366 525 397 579 et
414 515 510 579 -vsriis
531 517 750 593 cupiditatibus
765 516 998 581 denam-urbe
1011 528 1095 594 pote

117 612 187 666 runt
203 604 329 664 videret
343 618 440 679 quum
454 603 539 663 multi
553 609 661 674 emat,
672 616 803 675 qnorum
809 601 887 662 ilios
896 608 957 663 om
967 618 1094 664 somnus

117 698 170 751 aut
184 688 305 749 luxurie
319 685 589 748 antiohmnenitss
604 685 807 746 submoveat!
833 687 1033 760 quammulti
1047 688 1094 762 qui

117 774 202 846 illos,
230 770 368 834 cumdio
388 769 548 843 torserint,
566 768 1092 831 simulatelestinatiunotransenr·

118 863 206 917 rantt
231 871 321 930 quam
343 854 428 915 multi
443 868 499 928 per
512 853 657 914 retentum
671 851 1093 930 clientibus-atriumprndtre

117 941 255 1001 vitabunt
268 944 298 997 et
312 953 368 1013 por
381 936 533 998 obscuros
543 936 667 997 aedium
679 935 780 997 aditus
793 936 993 1013 premgiantt
1010 937 1093 1014 qnasi

117 1039 177 1083 non
193 1020 388 1083 inhumanius
401 1020 441 1080 sit
448 1019 596 1094 dseipere
609 1036 702 1095 quem
713 1021 889 1081 excludere.
907 1022 1092 1097 quammulti

117 1106 260 1167 hesterno
288 1105 415 1180 crapula
436 1102 645 1164 semisomnes
670 1112 701 1164 et
722 1119 852 1179 moses,
887 1104 951 1165 iliis
979 1107 1091 1168 miserti

117 1206 206 1250 suum
228 1204 371 1249 somnum
384 1189 607 1263 rumpentibus,
626 1194 660 1248 nt
675 1186 808 1248 ebenum
823 1196 1026 1265 exspectent,
1042 1191 1090 1251 nix

116 1272 266 1334 adlevatis
293 1273 388 1333 labris
414 1273 637 1333 insusurratum
657 1269 772 1331 millies
787 1287 898 1333 nornen
914 1273 1090 1349 oscitatione

84 1360 101 1412 b
116 1357 339 1434 superbissima
353 1355 505 1417 reddente
522 1355 637 1416 Hosio
650 1355 732 1416 veris
746 1354 988 1437 officiismoreoi
1000 1358 1091 1435 [puu-

116 1447 195 1513 mus]
212 1441 283 1502 licet
298 1441 445 1511 dicemus,
461 1440 514 1515 qui
527 1439 692 1513 Zenonem,
709 1439 761 1514 qui
769 1438 971 1517 llytbogoran
987 1440 1091 1503 cotidie

115 1534 146 1584 et
158 1525 366 1585 Democritum
381 1530 565 1596 ceterosque
581 1523 730 1584 antistites
745 1523 896 1584 bonarum
908 1526 1032 1600 antimo,
1042 1526 1090 1601 qni

114 1608 310 1669 Aristotelem
326 1612 356 1667 et
368 1605 729 1681 theophrastum-vetent
738 1606 852 1666 hebere
865 1609 1090 1681 quantamlib-

114 1691 265 1752 rissimos.
288 1705 377 1750 nemo
394 1689 504 1750 horum
519 1705 580 1749 non
597 1689 726 1764 vacabit,
736 1705 831 1749 nemo
847 1707 910 1752 non
922 1693 1089 1754 uenientem

116 1774 155 1833 ad
170 1791 205 1835 se
217 1775 383 1835 beatiorem
395 1770 864 1848 amantioremquesui-dimittet
886 1790 1089 1853 nemoquem·

117 1873 208 1930 qnam
233 1857 339 1917 vacuis
362 1872 380 1916 a
394 1870 430 1915 se
444 1857 585 1918 manibus
602 1856 686 1916 abire
701 1857 840 1931 patietur.
874 1866 968 1921 noete
984 1874 1089 1925 conve

118 1940 173 2000 uiri
189 1947 219 1998 et
233 1938 365 1999 interdiu
379 1938 417 1998 nb
434 1939 577 2000 omnibus
594 1939 772 2000 mortalibus
787 1950 932 2016 possunt.

89 2029 103 2080 1
176 2023 242 2082 XV.
273 2023 390 2083 Horum
409 2021 540 2084 te-morn'
554 2039 650 2083 memo
673 2031 777 2098 coget:
805 2040 914 2087 omnes
931 2027 1088 2089 docebunt

116 2107 224 2167 horum
249 2122 339 2166 nomo
357 2122 464 2168 annos
489 2114 561 2168 tuos
586 2107 729 2168 conterit=
754 2124 828 2169 euos
850 2109 1087 2172 tibinontribntt

116 2192 229 2251 nullius
244 2206 283 2250 ox
297 2190 345 2251 bis
355 2206 463 2253 sermo
478 2190 674 2268 periculosus
688 2191 886 2266 ertu-nullius
899 2194 1036 2256 amicitia
1045 2210 1087 2254 es·

117 2275 226 2350 pilulis,
242 2273 355 2336 nullius
369 2282 552 2351 sumptuose
567 2275 753 2336 observatio.
776 2276 858 2337 feres
872 2278 1087 2353 exitumque·

117 2359 191 2432 quid
214 2360 310 2420 voles.
345 2360 490 2434 perillus
510 2375 572 2418 non
593 2359 699 2431 stabit,
730 2358 895 2434 quominus
922 2361 1086 2437 pimimun,

86 2451 262 2516 aquenum
288 2443 424 2518 ceperis,
450 2442 584 2502 hauries.
619 2441 704 2516 Quae
723 2440 807 2503 illum
829 2442 978 2521 leiieitus,
1005 2459 1086 2522 quem

114 2525 402 2598 pulchrasenectns
418 2531 533 2597 manet,
550 2525 601 2599 qui
616 2540 651 2584 se
666 2526 696 2584 in
711 2526 820 2586 horum
837 2525 1012 2590 clientelam
1022 2544 1085 2591 oon·

116 2607 198 2666 tulitt
212 2606 350 2680 babebit,
366 2622 436 2668 oum
452 2608 563 2682 quibus
579 2608 618 2668 de
631 2609 763 2670 minimis
778 2608 990 2689 maximisque
1002 2613 1085 2673 rebus

115 2688 278 2761 deliberet,
305 2706 385 2764 quos
408 2690 446 2751 de
468 2706 504 2751 se
519 2690 630 2752 cotidie
646 2693 801 2767 consulat,
827 2693 977 2770 aquibus
992 2694 1087 2757 undiot

115 2787 219 2833 verunt
235 2773 302 2833 sine
317 2775 510 2849 contumelio,
525 2775 665 2836 laudetur
679 2773 948 2854 sine-adulatione,
963 2781 1004 2842 ad
1019 2794 1086 2856 quo

83 2862 100 2915 3
115 2873 182 2917 rum
195 2873 236 2934 ¹se
250 2855 476 2919 similitudinem
492 2858 625 2934 effingat.
646 2857 788 2921 Solemus
801 2862 905 2923 dicere
920 2880 986 2927 non
997 2864 1087 2927 tuisse

114 2940 144 3000 in
161 2950 267 3003 nostra
281 2948 450 3017 potestate,
463 2960 551 3019 quos
565 2941 744 3004 sortiremur
757 2953 920 3020 parentes,
942 2949 1086 3011 tortone-

113 3024 162 3085 bis
187 3027 293 3086 datos:
317 3026 409 3087 nobis
435 3042 510 3087 vero
526 3028 566 3087 od
579 3035 717 3089 nostrum
734 3028 891 3091 arbitrium
908 3033 997 3094 nosci
1013 3032 1087 3092 lieet

115 3107 374 3169 nobilissimorum
393 3111 584 3184 ingeniorum
600 3108 732 3172 familiae
746 3121 831 3174 sunt:
847 3113 938 3191 oligo
951 3116 984 3176 in
1001 3130 1087 3192 quam

114 3187 248 3249 adscisci
264 3191 349 3251 velis.
377 3208 439 3252 non
455 3192 611 3254 iit-nomen
627 3201 742 3255 tentum
757 3197 974 3272 adoptaberis,
991 3198 1086 3261 sedin

114 3274 183 3347 ipso
202 3273 299 3343 bona,
327 3289 406 3347 qnae
428 3291 489 3336 non
510 3283 599 3335 erunt
619 3277 746 3339 sordide
766 3296 823 3341 nec
839 3281 975 3357 maligno
989 3288 1087 3345 otiolo

84 3364 102 3411 4
115 3356 241 3417 diendo:
261 3356 377 3417 maiore
392 3357 480 3431 flent,
493 3374 564 3432 -quo
580 3356 631 3418 illu
645 3356 786 3436 plmihus
797 3362 958 3428 diviseris.
986 3367 1026 3429 Hi
1039 3364 1086 3429 tibi

116 3439 232 3500 dobunt
254 3441 293 3499 od
308 3440 515 3501 aeternitatem
530 3439 586 3499 iter
599 3449 630 3502 et
643 3450 674 3503 te
688 3444 718 3503 in
733 3446 948 3523 illum-tomm,
964 3464 1085 3529 exque
