2378 3856
111 197 175 262 2³2
307 199 340 257 L.
363 197 510 256 annam
530 195 705 256 sartsscntt
725 196 829 257 nini.
842 194 894 255 Xl.

114 352 234 422 tulerat,
256 350 377 409 tribuno
394 363 520 423 quoque
536 348 634 423 piebis
648 349 786 422 privatus
808 348 1001 409 intercessio
1030 356 1089 409 tanr

114 449 224 508 magno
241 442 341 492 tamam
354 433 476 491 fratrom
487 431 675 493 desideravit
685 430 734 491 hic
744 432 862 504 animo,
878 446 973 506 quam
984 430 1089 492 daton

84 517 207 576 aderat.
225 516 304 589 Quid
313 516 444 576 ratarum
451 516 652 575 Aemilianum
660 512 845 588 Scipionem,
854 514 907 591 qui
919 524 1108 591 unopaetrc·

112 600 286 674 eodemque
306 606 444 674 tempore
464 598 615 674 spectavit
631 598 725 672 patris
741 597 929 675 triumphum
944 598 1087 659 dumam·

113 697 175 759 qua
194 684 319 743 fratrum
339 683 469 743 funerat
494 682 742 742 adulescentulus
757 690 857 742 tamen
871 696 910 741 ac
925 696 1087 757 proporro

112 768 186 827 dnm
215 782 292 842 puer
319 774 402 827 tanto
427 764 528 825 animo
553 765 621 825 tulit
641 765 722 825 iliam
741 764 874 824 familiae
893 779 975 825 suaa
996 780 1087 839 super

112 850 215 925 ipsum
235 850 320 910 Ponti
340 848 527 922 triumphurn
546 847 736 908 concidentis
756 847 888 909 subitam
906 848 1084 918 vastitatem

114 941 228 1009 quanto
250 931 355 991 debuit
374 933 454 991 ferre
474 931 522 990 vir
542 931 571 989 in
591 931 650 990 hoc
668 939 773 1006 natus,
795 946 834 990 ne
848 930 918 991 urbi
932 932 1086 992 Romanae

113 1024 165 1077 aut
180 1015 285 1090 Scipio
300 1015 426 1074 deesset
439 1019 492 1074 aut
505 1013 655 1088 Carthago
670 1021 861 1090 superesset.

86 1111 100 1161 1
174 1098 241 1157 XV.
258 1096 325 1174 [aa]
342 1097 417 1172 Quid
428 1097 558 1157 reieram
565 1097 696 1159 duorum
703 1098 899 1159 Lucullorum
906 1096 1083 1174 diremptam

113 1188 211 1242 morte
226 1182 445 1243 concordium?
467 1181 540 1256 quid
554 1180 741 1256 Pompeios?
763 1180 875 1257 quibua
888 1194 931 1240 ne
944 1181 1008 1242 hoc
1022 1180 1082 1257 qui

113 1267 184 1327 dam
203 1266 346 1325 saeviens
364 1265 486 1340 reliquit
504 1266 640 1338 fortuna,
662 1272 696 1324 ut
715 1281 776 1325 una
794 1264 932 1341 danique
946 1264 1080 1325 concido-

113 1355 180 1409 rent
196 1350 298 1409 ruina=
321 1349 396 1408 vixit
411 1347 524 1408 Sextus
537 1347 703 1423 Pompeius
721 1348 849 1424 primum
862 1350 966 1409 scroti
981 1362 1084 1425 super·

113 1441 198 1505 stae,
227 1433 315 1492 cuius
340 1440 449 1492 morte.
462 1432 574 1507 optime
602 1432 795 1492 cohaerentis
817 1430 980 1491 Romanae
1004 1431 1084 1507 pacis

113 1517 235 1575 vincula
249 1517 385 1577 resoluta
396 1522 476 1576 sunt.
499 1516 642 1590 idemque
653 1514 702 1574 hic
712 1515 788 1575 vixit
800 1522 963 1590 superstas
973 1513 1084 1591 optimo

113 1599 211 1672 fratri,
231 1614 323 1674 quem
343 1599 465 1660 fortuna
483 1597 514 1657 in
529 1598 589 1658 hoc
600 1606 756 1671 erexerat,
775 1614 814 1657 ne
828 1597 932 1659 minus
946 1600 1084 1659 attacum

113 1683 262 1756 deiceret,
292 1698 382 1758 quam
408 1689 525 1757 patrem
550 1681 712 1742 deiecerat
742 1688 773 1741 et
793 1689 866 1756 post
886 1681 970 1743 hunc
989 1690 1085 1743 tamen

114 1782 221 1826 casum
242 1765 355 1827 Sextus
375 1766 540 1841 Pompeius
560 1781 621 1826 non
643 1772 757 1825 tantum
776 1765 891 1838 dolori,
921 1764 1084 1825 sedetiam

83 1849 193 1909 aborto
210 1848 343 1909 suffecit.
374 1849 608 1909 innumerabilia
621 1848 757 1923 undique
773 1850 916 1924 exempla
930 1855 1084 1928 separatu

112 1947 179 1990 rum
194 1939 290 1991 morte
305 1933 430 1992 fratrum
446 1940 641 1993 succurrunt:
662 1931 753 1993 immo
769 1939 876 1993 contra
887 1934 940 1992 vix
953 1933 1085 1994 uitaum·

113 2030 205 2089 quarn
224 2014 333 2075 horum
350 2015 436 2089 paria
451 2022 618 2089 conspecta
633 2023 704 2076 sunt
717 2032 780 2077 una
793 2016 1002 2077 senescentia.
1033 2014 1087 2075 aad

113 2105 274 2159 contentus
295 2106 420 2159 nostrae
438 2100 547 2159 domus
562 2099 712 2175 exemplis
726 2115 791 2159 ero.
827 2114 919 2160 nemo
934 2099 1017 2159 enim
1030 2106 1087 2159 tam

113 2198 226 2258 cxpers
241 2183 299 2242 crit
313 2198 425 2243 sensus
440 2198 477 2242 ac
492 2183 644 2253 sanitatis,
666 2191 699 2243 ut
714 2183 865 2243 fortunam
878 2183 933 2244 ulii
945 2188 1088 2259 queratur

113 2267 225 2327 iactum
237 2267 385 2338 intulisse,
399 2283 491 2343 quam
501 2267 577 2327 sciet
588 2268 678 2325 etiam
690 2265 855 2327 Caesarum
866 2266 1087 2327 lacrimascon·

82 2352 248 2425 Soupisse.
276 2351 373 2411 Divus
387 2352 546 2426 Augustus
561 2349 662 2409 amisit
673 2347 827 2410 Octaviam
843 2364 986 2411 sororem
997 2350 1087 2409 caris

114 2434 221 2493 simam
237 2442 266 2496 et
280 2450 319 2494 ne
334 2435 362 2494 ei
375 2435 497 2510 quidem
508 2448 608 2493 rerum
621 2442 730 2493 natura
739 2432 864 2508 lugendi
874 2433 1093 2495 necessitatem

114 2517 252 2591 abstulit,
271 2519 320 2578 oui
336 2520 454 2578 coelum
472 2517 694 2577 destinaveram
716 2519 808 2576 immo
822 2532 899 2577 varo
914 2516 999 2577 idem
1010 2514 1089 2577 omni

113 2614 226 2674 genere
248 2599 385 2660 orbitatis
406 2607 536 2659 vexatus
552 2599 670 2659 sororis
685 2599 779 2659 iiiium
794 2600 991 2662 successioni
1005 2612 1089 2676 praa·

113 2689 252 2757 paratum
273 2698 349 2743 suaa
371 2682 511 2758 perdidit.
548 2682 682 2757 denique
701 2698 740 2741 ne
753 2684 893 2758 singulos
907 2684 978 2745 eius
992 2685 1090 2745 taum

113 2772 304 2838 enumerem,
320 2773 350 2827 ot
362 2781 496 2841 generos
511 2767 560 2826 iile
571 2767 672 2827 amisit
683 2773 713 2827 et
724 2766 837 2829 liberos
849 2775 879 2829 et
891 2776 1040 2843 nepotas,
1055 2778 1091 2833 at

113 2865 203 2910 nomo
216 2851 314 2926 magis
326 2866 366 2910 ax
378 2851 519 2912 omnibus
531 2851 710 2913 mortalibus
721 2851 874 2912 hominem
881 2866 1008 2925 essese,
1020 2850 1094 2910 dom

112 2934 191 2994 inter
211 2935 351 2996 homines
374 2941 454 3009 erat,
478 2936 590 2995 sensit:
618 2942 720 2995 tamen
740 2942 784 2996 tot
804 2943 972 3012 tantosque
992 2936 1091 2996 tucos

113 3019 195 3091 cepit
208 3034 310 3079 rerum
326 3020 459 3080 omnium
475 3019 710 3094 capacissimum
725 3021 790 3080 eius
806 3026 915 3095 pectus
930 3018 1093 3093 victorque

113 3099 203 3159 divus
223 3103 383 3176 Augustus
404 3118 466 3164 non
489 3103 622 3177 gentium
649 3104 858 3164 tantummodo
883 3109 1092 3173 externarum,

84 3195 102 3248 4
115 3183 171 3242 sed
184 3184 273 3245 etiam
284 3186 424 3246 dolorum
437 3186 500 3245 iuit.
519 3186 614 3261 ‚iiaius
623 3185 749 3259 Caesar,
764 3187 826 3247 divi
837 3188 982 3261 Augusti,
994 3192 1092 3245 arun·

113 3264 174 3326 cuti
184 3268 253 3341 mei,
268 3268 350 3328 filius
362 3284 399 3328 ao
411 3283 521 3341 napos,
536 3269 616 3328 circa
628 3269 745 3342 primos
756 3269 1093 3331 iuventaesuaeannos

112 3349 238 3410 Lucium
253 3352 376 3411 fratrem
392 3350 584 3411 carissimum
599 3350 658 3410 sibi
673 3353 819 3428 princeps
831 3353 998 3415 iuventutis
1009 3351 1093 3429 pria·

113 3433 212 3507 cipcm
227 3432 367 3495 eiusdem
382 3434 546 3494 iuventutis
562 3433 662 3512 amisit
675 3437 704 3495 in
716 3437 866 3512 adparatu
876 3433 1011 3497 Parthici
1021 3432 1092 3497 betti
