2378 3856
274 113 324 173 DE
347 111 564 172 CLEMENTIA
584 111 705 171 Lien.
727 119 824 174 2-5.
943 165 945 169 ,
969 113 1031 178 301

59 267 167 329 1111111
194 262 448 324 clementiae?
488 262 732 336 Crudelitas,
755 280 837 339 quae
856 265 929 327 1111111
949 268 1032 327 aliud

10 404 15 411 .
59 357 109 412 est
124 363 221 425 -quam
242 346 385 407 suscitas
406 346 497 408 animi
512 345 542 406 in
557 347 717 420 exigendis
732 348 851 423 poenis.
887 348 950 410 Sed
965 351 1030 426 qui·

12 472 21 495 .-
61 435 134 495 dam
147 447 208 491 non
224 428 348 505 exigunt
361 445 493 505 poenas,
512 429 653 490 crudeles
665 437 764 491 tamen
777 440 863 505 sunl,
877 440 1031 508 tamquam

61 516 114 593 qui
135 514 259 590 ignotos
280 513 419 574 homines
437 521 468 574 et
481 511 590 574 obvios
605 529 666 573 non
682 514 711 573 in
727 515 948 590 conpendium,
973 517 1031 578 sed

61 597 225 662 occidendi
246 613 339 658 causa
360 597 514 659 occidunt.
542 611 600 657 nec
620 596 789 658 interlicere
810 598 943 660 contenti
963 616 1032 660 sae-

10 702 21 741 r„
61 685 163 754 vium,
182 687 217 742 ut
230 681 348 742 Busiris
362 682 412 741 ille
428 688 458 742 ol
470 680 650 741 Procrustes
665 688 695 741 et
711 681 842 757 piratae,
859 684 910 758 qui
923 692 1031 759 captos

10 766 25 821 ²:
62 766 224 828 verberant
244 773 274 824 et
294 765 445 840 inignem
466 764 554 824 vivos
575 764 734 839 inponunt.
768 764 852 826 Haeo
870 766 1064 828 crudelitasa

10 884 28 937 ἲ
61 849 201 927 quidemr
222 848 278 908 sed
291 849 362 924 quia
376 863 434 909 nec
448 848 592 910 ultionem
607 849 759 924 sequitur,
783 866 843 910 non
856 851 936 910 enim
948 852 1033 911 laesa

10 966 17 1015 χ
59 941 124 1008 001,
145 947 204 992 1100
218 939 345 1007 peccalo
361 931 450 992 alicui
464 932 620 1004 irascitur,
644 933 758 995 nullum
774 935 852 994 eninr
868 935 1034 995 antecessit

10 1040 17 1091 ;
61 1017 190 1088 crimen,
214 1021 301 1075 extra
324 1016 491 1079 linitionem
505 1024 640 1077 nostram
656 1016 745 1077 cadit
774 1018 881 1090 [finitio
897 1019 1032 1082 contine-

10 1098 23 1173 [
59 1101 115 1161 bat
123 1098 155 1159 in
167 1098 276 1174 poenis
288 1098 447 1174 exigendis
458 1100 719 1175 intemperantiam
730 1101 843 1179 animi]
864 1102 1033 1163 Possumus

10 1174 19 1257 ἶ
59 1183 166 1244 dicere
185 1199 246 1243 non
267 1198 339 1243 esse
359 1182 438 1242 lranc
458 1182 681 1254 crudelitatem,
710 1183 768 1243 sed
788 1184 956 1259 feritatem,
985 1186 1033 1245 cui

59 1265 210 1342 voluptati
230 1265 357 1326 saevitia
372 1271 427 1325 est.
463 1281 632 1340 possumus
647 1265 796 1326 insaniam
813 1283 940 1327 vocarer
963 1283 1033 1327 num

58 1351 148 1412 varia
168 1357 239 1411 sunt
257 1365 371 1424 genera
390 1349 457 1410 eius
477 1356 507 1410 et
528 1350 641 1410 nullum
663 1349 774 1410 certius
795 1367 887 1426 quam
901 1351 988 1427 quod
1002 1353 1032 1410 in
1050 1396 1052 1400 Α

12 1483 14 1487 .
57 1433 175 1496 caedes
190 1432 344 1495 hominum
358 1441 388 1494 et
406 1431 585 1494 laniationes
605 1433 753 1508 pervenit.
791 1434 863 1495 lllos
876 1451 949 1510 ergo
966 1441 1064 1497 cru-3

59 1519 149 1578 deles
163 1516 298 1590 vocabo,
318 1518 369 1592 qui
386 1515 530 1592 puniendi
545 1532 670 1577 causam
684 1516 810 1591 habent,
832 1518 956 1579 modum
971 1535 1032 1580 non

61 1600 189 1670 habent,
212 1601 291 1660 sicut
309 1601 339 1659 in
360 1600 493 1674 Phalari,
517 1616 607 1674 quem
621 1599 706 1660 aiunl
719 1617 779 1660 non
796 1601 919 1676 quidem
933 1603 962 1660 in
978 1602 1030 1663 ho·

61 1683 161 1744 mines
182 1685 374 1759 innocentes,
403 1684 461 1743 sed
480 1699 575 1759 super
599 1683 763 1744 humanum
788 1701 825 1744 oc
845 1685 1032 1760 probabilem

60 1767 185 1828 modum
201 1767 349 1827 saevisse.
381 1767 549 1828 Possumus
564 1767 701 1842 effugere
715 1767 937 1829 cavillationem
950 1776 980 1828 et
993 1767 1034 1828 ita

59 1851 170 1924 finire,
197 1858 230 1910 ut
255 1851 294 1910 sit
317 1850 481 1912 crudelitas
507 1851 660 1913 inclinatio
683 1852 775 1912 animi
801 1853 841 1912 ad
865 1853 1033 1928 asperiora.

52 1936 149 1994 Rene
163 1933 322 1993 clementia
335 1936 454 2010 repellit
468 1935 558 2009 longe
572 1936 683 1996 distare
694 1951 712 1994 a
723 1951 773 1996 se:
796 1953 866 1996 nam
879 1937 1037 1996 severitati

57 2033 129 2080 carm
143 2017 195 2076 iilo
209 2016 359 2077 convenit.
393 2018 449 2077 Ad
469 2033 547 2077 rem
567 2018 739 2093 pertinet
758 2035 945 2094 quaerere
962 2019 1067 2082 11004

61 2102 166 2174 loco,
190 2099 280 2175 quid
299 2100 353 2161 sit
373 2101 656 2162 misericordia.
681 2101 819 2176 plerique
834 2103 913 2161 eninr
929 2103 1034 2163 111111-

61 2191 158 2246 tutem
172 2199 240 2244 eam
256 2185 380 2244 laudant
394 2191 424 2245 et
437 2185 551 2245 bonum
565 2184 718 2244 hominem
735 2192 846 2252 vocant
862 2185 1034 2246 misericor-

60 2269 144 2328 dem.
165 2266 293 2328 11111000
309 2268 412 2327 vitium
426 2269 517 2327 animi
528 2275 589 2329 est:
610 2273 739 2343 utraque
749 2269 830 2328 circa
842 2269 1034 2330 severitatem

62 2352 209 2426 circaque
229 2352 416 2412 clementiam
438 2353 538 2427 posita
558 2359 643 2422 sunl,
665 2367 745 2427 quae
766 2354 861 2413 vitare
875 2353 1046 2425 debemus,
1070 2416 1072 2420 ,

60 2437 133 2514 [per
143 2437 270 2511 specim
283 2439 446 2496 severitates
455 2454 493 2497 ne
503 2439 534 2496 111
545 2437 749 2498 numitorem
761 2438 936 2509 incidamus,
952 2437 1032 2514 neoc]

61 2534 121 2595 per
131 2519 269 2594 speciem
285 2520 462 2580 clementiae
476 2521 506 2578 in
522 2520 773 2580 misericordiam.
794 2521 827 2579 ln
844 2520 904 2580 lroc
918 2521 1034 2581 leviore
1110 2556 1119 2594 ,

63 2601 200 2677 periculo
222 2609 352 2675 erratur,
380 2604 436 2663 sed
459 2619 514 2678 par
535 2620 621 2663 error
634 2611 682 2664 est
696 2620 714 2663 a
727 2620 801 2665 vero
816 2605 1032 2664 recedentium.

126 2685 164 2744 V.
182 2685 264 2760 Ergo
277 2686 531 2761 quemadmodum
546 2689 652 2760 religio
668 2688 745 2748 deos
760 2689 840 2760 colit,
858 2686 1033 2760 superstitio
1050 2703 1063 2753 1

63 2765 169 2841 violet,
196 2769 237 2829 ita
262 2769 452 2829 clementiam
479 2769 804 2844 mansuetudinemque
830 2784 935 2828 omnes
961 2769 1033 2829 boni

61 2849 118 2911 1111
132 2852 344 2926 praestabunt,
361 2851 600 2912 misericordiam
615 2858 715 2911 autem
732 2851 880 2911 vitabunt:
893 2858 942 2911 est
952 2851 1033 2911 enim

53 2934 165 2995 uitium
180 2936 282 3010 pusilli
296 2937 403 3008 animi,
420 2937 459 2996 ad
475 2935 610 3010 speciem
621 2935 788 2994 alienorum
800 2935 949 2994 malorum
963 2950 1032 2994 suc-

60 3019 201 3080 cidentis.
223 3020 325 3095 itaque
342 3021 476 3095 pessimo
496 3020 607 3093 cuique
622 3018 856 3080 familiarissima
875 3026 937 3077 est:
955 3034 1032 3079 anus

57 3110 90 3164 et
104 3101 301 3163 mulierculae
316 3112 401 3178 sunt,
427 3119 506 3178 quae
520 3103 652 3162 lacrimis
667 3101 952 3162 nocentissimorum
967 3118 1032 3162 mo·

59 3193 184 3260 vantur,
207 3202 301 3262 quae,
326 3189 352 3247 si
367 3187 484 3260 liceret,
508 3202 660 3247 carcerem
676 3185 880 3260 effringerent.
913 3185 1030 3245 Miseri-

58 3270 166 3331 cordia
183 3286 245 3331 non
262 3286 400 3346 causam,
416 3272 473 3331 sed
488 3271 638 3331 fortunam
653 3276 784 3344 spectat:
808 3269 967 3328 clementia
982 3284 1030 3326 ra-

59 3354 132 3415 tioni
148 3354 276 3418 accedit.
313 3354 384 3414 Scio
405 3356 484 3415 male
506 3355 612 3414 andire
637 3355 719 3429 apud
744 3353 890 3429 inperitos
915 3357 1063 3412 seciamu
