2378 3856
466 458 852 549 unumunurn
1179 572 1181 589 Ι

264 610 447 715 tultis
475 612 545 707 ΒΕ
575 612 771 708 nonni
801 612 1056 715 cltllllll.

146 926 153 972 r
231 914 253 971 l.
278 912 355 985 Quid
371 918 472 971 actum
486 912 528 971 sit
540 912 571 970 in
586 913 674 972 coelo
689 921 760 973 ante
774 912 922 973 diem-ill.
937 912 1013 975 idus
1027 914 1138 979 otton.

170 1001 274 1069 [Aninio
290 1000 435 1066 Marcello,
454 998 540 1051 Acilio
551 1000 647 1053 Ariola
661 1002 743 1069 ooas.]
760 1012 840 1057 anilo
851 1012 935 1059 nollo
950 996 1040 1062 initio
1054 998 1139 1061 sectili

170 1078 352 1153 felicissimi,
367 1079 438 1140 volo
454 1079 618 1139 memoriae
629 1080 760 1139 madere
777 1078 851 1139 nillil
862 1094 922 1141 nec
934 1080 1081 1143 offensae
1091 1098 1138 1143 nec

169 1163 284 1237 gratiae
299 1162 428 1225 dabitur.
450 1162 529 1221 haec
543 1163 584 1221 ita
597 1178 679 1222 vera.
708 1162 742 1223 Si
756 1163 827 1238 quis
841 1164 1053 1239 quaesiverit,
1066 1166 1138 1239 unde

170 1247 279 1319 sciam,
302 1248 446 1322 primum,
469 1246 496 1307 si
516 1246 659 1319 noluero,
681 1263 743 1307 non
757 1246 970 1322 respondebo.
990 1250 1064 1325 quis
1077 1264 1137 1311 coa·

170 1339 273 1391 cturus
294 1338 362 1391 estt
383 1346 442 1405 ego
462 1330 528 1390 scio
549 1346 599 1389 me
618 1329 745 1390 liberum
767 1331 895 1403 iactum,
919 1346 963 1393 ex
978 1348 1045 1409 qno
1059 1349 1137 1395 suum

169 1414 250 1473 diem
271 1413 346 1474 obiit
365 1413 431 1485 ille,
453 1410 505 1488 qui
520 1430 626 1474 verum
641 1412 835 1488 proverbium
850 1414 970 1477 lecerat
982 1422 1039 1477 ortt
1049 1432 1138 1493 renen

139 1504 220 1561 nora
228 1497 350 1569 fetuum
361 1500 598 1572 nmcioportere.
633 1495 667 1556 Si
682 1497 801 1557 libuerit
813 1498 1027 1575 respondero,
1047 1498 1138 1561 dicam

168 1580 252 1654 quod
267 1579 339 1640 mihi
356 1581 384 1639 in
399 1580 528 1639 buccam
543 1580 669 1640 venerit.
697 1579 767 1655 quis
782 1597 926 1657 umquam
941 1582 984 1643 ab
997 1582 1137 1645 historico

167 1665 317 1724 iuratores
338 1661 460 1738 exegit?
485 1672 585 1724 tamen
606 1663 633 1723 si
647 1678 778 1724 necesse
793 1664 883 1724 luerit
895 1672 1058 1729 auctorem
1073 1682 1137 1743 pro

168 1747 296 1819 ducere,
320 1746 456 1821 quaerite
469 1747 509 1805 ab
524 1761 578 1817 eo,
602 1747 654 1821 qui
670 1746 832 1807 Drusillam
844 1755 969 1809 euntem
982 1750 1014 1811 in
1026 1751 1137 1813 coelum

166 1830 255 1889 vidite
278 1829 359 1889 idem
374 1828 532 1889 claudium
546 1829 664 1890 vidisse
680 1846 715 1890 se
727 1830 809 1890 dicet
817 1831 875 1891 iter
886 1832 1053 1895 facientem
1063 1850 1136 1909 „non

166 1911 312 1987 passibus
332 1912 472 1986 aequis.“
495 1912 579 1985 velit,
601 1912 690 1985 nolit,
712 1928 842 1995 neeesse
856 1920 906 1975 est
922 1915 968 1975 illi
982 1917 1136 1985 omniaci-

166 1997 254 2066 dere,
278 1995 405 2070 quaein
427 1995 515 2056 coelo
534 2003 681 2070 aguntur:
707 1998 829 2072 Appiae
850 1998 919 2059 viae
939 2007 1067 2062 curator
1086 2006 1135 2071 est,

166 2096 228 2154 qua
248 2079 311 2139 scis
333 2087 363 2139 et
384 2078 485 2139 divum
506 2080 678 2154 Augustum
699 2089 731 2141 et
747 2080 900 2142 Tiberium
923 2080 1090 2147 caesarem
1103 2082 1136 2144 ad

136 2163 243 2224 ddeos
264 2163 337 2223 isse.
372 2162 461 2224 Hunc
481 2163 507 2223 si
521 2164 772 2239 interrogaveris,
792 2164 853 2224 soli
866 2166 1019 2228 narrabitr
1040 2182 1136 2229 coram

165 2244 304 2320 pluribus
319 2262 485 2322 numquam
500 2247 627 2307 verbum
641 2247 740 2307 iaciet.
770 2263 840 2307 narn
854 2264 895 2307 ex
909 2265 973 2322 quo
988 2250 1020 2311 in
1035 2258 1136 2311 senatu
1169 2320 1174 2329 ,

165 2329 274 2390 iuravit
294 2345 329 2390 se
348 2331 511 2391 Drusillam
529 2330 647 2390 vidisse
665 2332 784 2391 coelum
798 2331 1046 2395 adscendentem
1057 2332 1135 2395 otili

164 2429 221 2486 pro
242 2420 303 2472 tam
323 2411 405 2473 bono
426 2414 531 2474 nuntio
547 2428 637 2474 nemo
653 2414 782 2474 eredidit
795 2414 881 2489 quod
893 2415 1020 2489 viderit,
1038 2416 1135 2478 verbis

165 2494 323 2566 conceptis
335 2495 507 2555 adfirmavit
518 2511 553 2555 se
564 2512 625 2556 non
637 2496 849 2571 indicaturum,
863 2497 984 2559 etiamsi
995 2498 1026 2559 in
1039 2498 1135 2561 medio

164 2576 232 2634 loro
244 2574 397 2635 hominem
409 2579 545 2636 occisum
558 2577 695 2637 vidisset.
722 2578 771 2638 Ab
783 2580 843 2640 hoo
854 2595 912 2655 ego
925 2596 1137 2659 quaecumque

164 2658 281 2729 audivi,
305 2665 402 2731 certa,
425 2660 508 2718 clara
526 2659 648 2734 adiero,
668 2661 709 2720 ita
728 2661 811 2722 illum
833 2664 952 2723 salvum
968 2673 1001 2726 et
1020 2666 1136 2728 felicem

163 2741 302 2802 habeam.

136 2830 151 2881 1
210 2826 247 2886 ll.
267 2826 336 2886 Iam
350 2827 483 2889 Phoebus
496 2828 628 2888 breviore
641 2830 690 2888 oie
704 2835 899 2890 contraxerat
908 2837 1007 2891 ortum

268 2910 358 2971 Luce
371 2919 400 2971 et
413 2911 531 2972 obscure·
542 2912 713 2972 crescebant
725 2920 857 2989 temporo
870 2916 980 2987 motet,

267 2993 393 3069 Iamque
406 3011 492 3055 auum
505 2997 614 3055 uictrix
627 2996 755 3071 tenebat
768 2996 893 3072 Cynthia
905 3012 1033 3071 reanum

269 3077 310 3135 Et
323 3077 467 3150 deformis
480 3079 573 3151 tems
583 3085 686 3151 oratos
699 3080 841 3154 carpebat
854 3080 981 3139 tonores

269 3159 375 3220 Divitis
387 3164 523 3221 autumni
534 3164 651 3234 meoque
664 3179 815 3223 senescere
827 3162 950 3223 Boccho

271 3242 419 3317 carpebat
429 3259 521 3303 rarus
534 3260 619 3303 serus
633 3245 806 3305 vindemitor
818 3262 910 3305 noes:

135 3324 239 3385 2Puto
255 3326 353 3398 magis
367 3326 512 3400 intellegi,
537 3325 562 3385 si
574 3325 696 3399 dixero,
713 3330 827 3388 mensis
839 3334 903 3387 erat
914 3327 1057 3403 October,
1072 3330 1139 3390 dies
