2378 3856
178 194 241 257 242
357 194 392 254 L.
413 192 561 255 ANNAEI
579 192 755 255 SENECAE
775 192 878 255 olet..
891 194 959 255 xit.

180 350 315 409 titudinis
329 348 431 408 habet.
459 346 556 407 transi
573 346 613 406 ab
630 347 685 419 iis,
709 361 838 422 quarum
855 346 1156 423 amoena-position

180 432 393 509 opportunitas
427 431 564 505 regionis
597 431 701 504 piures
735 429 847 490 adiicit
886 429 1014 491 desorto
1037 432 1112 493 ioca
1130 440 1157 495 ct

180 515 367 591 asperrimas
388 514 521 587 insutas,
544 511 701 573 Sciathum
722 521 754 574 et
773 511 955 588 Seriphum,
975 512 1155 593 Gyarumct

181 599 336 660 corsicam
354 613 519 674 percenses
535 597 649 657 nulium
663 596 803 657 invenies
816 594 952 671 exitium,
967 595 1001 657 ιιι
1017 614 1083 675 quo
1097 616 1153 663 uon
1185 610 1187 615 ·

148 681 291 758 oaliquis
317 681 409 743 enimi
433 697 529 742 causo
548 687 693 741 moretur.
724 679 801 754 puto
823 686 884 740 tam
897 680 1017 742 nudum
1031 682 1155 745 inveniri

180 775 296 844 potest,
323 767 395 842 quid
421 773 482 825 tam
501 765 661 838 abruptum
680 763 817 838 undique
838 779 932 839 quam
952 763 1016 827 boc
1029 774 1156 829 ιιιιιιιιιιι

183 852 257 927 quid
272 849 312 909 ad
328 850 435 924 copias
449 846 626 923 respicienti
638 848 791 908 ieiuniust
812 847 886 923 quid
899 848 942 908 ad
956 847 1102 912 homines
1114 851 1153 911 ιι·

181 933 393 994 mansuetiust
424 930 499 1005 quid
520 932 560 991 ad
578 932 680 1005 ipsum
693 932 753 992 loci
767 928 860 992 situm
873 930 1058 995 horridiusr
1087 934 1153 1011 quid

182 1017 221 1076 ad
238 1015 316 1075 coeti
331 1022 470 1075 naturam
484 1014 756 1089 intemperantiust
770 1015 873 1090 piures
884 1016 990 1076 tamen
1004 1015 1059 1077 bic
1073 1032 1150 1093 pere

181 1100 257 1175 grint
280 1114 371 1172 quum
392 1099 477 1159 cives
497 1098 677 1158 consistunt.
706 1098 815 1174 Usque
828 1112 868 1158 eo
881 1113 959 1174 crgo
972 1102 1149 1163 conmuutto

181 1182 251 1257 ipsa
270 1183 409 1244 iocorum
430 1181 533 1255 gravis
553 1190 692 1256 nonest,
713 1189 747 1242 ut
758 1180 808 1242 hic
825 1196 952 1258 quoquc
965 1182 1060 1246 locus
1073 1199 1093 1246 ιι
1104 1200 1147 1261 pa·

151 1268 237 1328 §tria
253 1267 404 1342 quosdam
419 1265 589 1325 obduxerit
619 1266 746 1327 Invenio
764 1267 817 1340 qui
831 1265 936 1327 dicant
949 1266 1060 1329 inesse
1073 1274 1149 1327 natu·

179 1351 275 1410 ratem
291 1350 455 1426 quamdam
470 1347 672 1409 irritationem
687 1348 795 1409 animis
810 1350 1010 1411 conmutandi
1024 1350 1148 1413 sederet

179 1433 384 1495 uansterendt
408 1431 571 1493 domicilia.
603 1433 725 1493 mobilis
744 1433 824 1493 euim
843 1440 874 1492 et
888 1432 1031 1509 inquieta
1044 1433 1147 1497 ιιοιιιιιι
1185 1478 1187 1493 .

179 1533 267 1576 mens
288 1517 359 1575 data
381 1522 441 1576 est·
470 1532 634 1612 numquam
657 1523 802 1591 setenet‚
827 1516 984 1592 spargitur
998 1524 1032 1579 ct
1045 1518 1187 1593 cogita-¹

178 1601 278 1661 tiones
300 1615 375 1660 suus
395 1600 425 1659 in
448 1600 548 1660 omnia
562 1605 741 1674 rotantque
755 1563 858 1674 ignota
882 1600 1005 1663 dimittit
1010 1596 1153 1679 sungad

131 1684 168 1750 ‘7
180 1685 292 1759 quietis
306 1683 458 1759 inpatiens
472 1689 503 1743 et
519 1685 652 1744 novitate
665 1699 766 1744 rerum
782 1683 959 1745 laetissima.
993 1686 1082 1761 quod
1093 1698 1147 1751 pou

180 1767 353 1840 miraberis,
376 1765 402 1826 si
422 1766 550 1842 primam
564 1767 630 1828 eius
646 1765 792 1841 originem
806 1768 1009 1843 adspexerisz
1034 1773 1149 1830 nonest

180 1866 218 1909 ex
233 1856 354 1909 terreno
368 1856 399 1907 et
412 1849 497 1924 gravi
511 1858 655 1911 concreta
670 1865 810 1924 corpore.
833 1866 873 1910 ex
888 1850 941 1913 ilio
953 1852 1082 1914 coelesti
1093 1851 1148 1926 spi
1176 1844 1180 1867 ²

179 1933 238 1992 ritu
253 1932 423 1992 descendit
456 1932 635 1994 coelestium
649 1941 751 1994 autem
765 1940 871 1995 natura
884 1948 1014 2011 semper
1027 1936 1060 1997 iu
1072 1940 1148 1997 motu

180 2023 242 2087 est,
268 2017 344 2090 rugit
369 2022 400 2076 et
423 2016 620 2079 velocissimo
640 2032 733 2078 cursu
752 2017 860 2093 agitur.
889 2018 1034 2095 Adspice
1054 2019 1147 2081 sidere

179 2098 325 2160 mundum
351 2098 556 2161 inlustranda:
583 2103 697 2162 nulium
721 2117 828 2162 corum
854 2107 982 2178 perstat„
1021 2101 1147 2178 „labitur

180 2184 335 2243 ιιιειιιιιιιιι
353 2189 384 2243 et
402 2186 504 2245 locum
525 2200 565 2245 ex
585 2185 654 2245 ioco
670 2192 764 2246 mutat
776 2192 820 2258 et,
846 2187 989 2261 quamvis
1005 2202 1077 2249 cum
1090 2185 1146 2247 uni

178 2282 271 2327 verso
286 2275 436 2341 vertatur,
451 2269 481 2327 in
497 2268 683 2328 contrarium
699 2268 966 2345 ninttominusipsr
956 2270 1145 2333 muudum

179 2352 286 2420 fertur,
316 2367 371 2426 per
392 2352 491 2412 omnis
512 2352 668 2427 signorum
689 2361 792 2428 portes
806 2352 965 2429 discurrit,
988 2330 1187 2437 numquam!

178 2435 301 2494 resistit.
326 2442 475 2511 perpetua
488 2450 557 2495 erus
568 2436 693 2511 agitatio
704 2442 735 2496 et
744 2434 868 2498 aliunde
878 2434 940 2498 aito
952 2436 1187 2514 conmigrmo

149 2523 236 2579 ttest.
269 2515 377 2577 Omnia
396 2519 560 2579 volvuntur
573 2535 696 2595 semper
710 2526 741 2579 et
753 2518 784 2579 ιιι
798 2518 927 2581 transitu
942 2528 1026 2583 sunt„
1056 2528 1091 2583 ιιι
1103 2522 1187 2581 iat
1185 2540 1187 2547 ·

179 2604 210 2658 et
229 2608 356 2660 naturae
376 2599 548 2661 necessitas
563 2602 728 2675 ordinavit,
753 2603 876 2664 aliunde
889 2604 951 2666 alio
964 2603 1145 2667 deteruntur

179 2697 248 2742 cum
273 2697 329 2756 per
353 2691 436 2743 certa
462 2700 610 2744 annorum
630 2686 730 2759 spatia
744 2685 836 2747 orbes
849 2702 925 2747 suos
939 2687 1146 2765 expticuerint

178 2765 287 2826 iterum
301 2760 388 2827 ibunt
403 2781 458 2842 per
474 2783 554 2842 quae
568 2776 729 2830 venerant:
743 2768 754 2830 i
769 2785 849 2830 nunc
864 2776 895 2830 at
907 2770 1078 2834 humanum
1091 2770 1148 2833 aui·

178 2866 260 2909 mum
276 2866 314 2910 ex
332 2849 447 2925 isdem,
469 2851 582 2926 quibus
597 2852 702 2913 divina
715 2859 872 2926 constant,
893 2852 1068 2917 seminibus
1081 2870 1147 2917 cou

178 2935 313 3009 positum
336 2937 466 2996 molesta
490 2937 569 2995 serre
593 2937 753 2997 transitum
773 2951 810 2995 ac
830 2936 1045 3012 migrationem
1065 2946 1148 3017 ptris,

179 3033 248 3076 curn
273 3019 323 3077 dei
342 3027 451 3081 natura
470 3019 602 3079 adsidua
623 3027 654 3080 et
669 3019 846 3081 citatissima
862 3023 1092 3085 conmutcuone
1103 3022 1149 3083 vei

178 3099 309 3160 delectet
321 3117 356 3161 se
375 3102 423 3160 vei
438 3110 610 3163 conservet.

150 3190 165 3240 1
239 3183 305 3242 vlt.
337 3186 365 3242 A
387 3184 574 3245 coelestibus
598 3186 729 3260 agedum
743 3192 774 3245 te
787 3187 826 3246 ad
840 3185 976 3248 humana
989 3196 1148 3250 converte:

177 3265 295 3326 videbis
328 3273 435 3340 gentes
462 3270 660 3343 populosque
683 3268 847 3331 universos
871 3277 1011 3332 mutasse
1035 3274 1149 3335 sedem.

176 3347 250 3423 quid
275 3349 333 3408 sibi
353 3348 461 3411 volunt
480 3350 512 3410 in
527 3351 637 3411 mediis
652 3351 851 3413 barbarorum
864 3355 1046 3428 regionibus
1062 3357 1148 3417 Grae

176 3446 232 3491 cae
244 3430 360 3493 urbest
381 3432 457 3507 quid
472 3432 550 3494 inter
563 3434 657 3497 indos
668 3435 844 3512 Persasque
852 3435 1079 3501 Macedonicus
1090 3454 1146 3500 aar
