2378 3856
155 190 199 255 40
446 191 487 249 t:
502 189 650 250 ANNAEI
673 187 848 250 SENECAE

157 343 302 404 subducit
315 342 418 414 aliqua
432 348 463 400 et
477 338 673 399 circumcidit
706 339 732 397 si
753 353 792 397 ne
812 339 852 397 ad
872 338 932 399 boc
953 338 1078 414 quidem
1093 355 1141 400 re

158 427 305 503 spondet,
330 422 481 483 interdicit
501 422 576 481 cibis
597 427 629 481 et
649 420 830 482 abstinentia
850 438 964 496 corpus
982 432 1142 484 exonerat

158 511 184 571 si
200 512 312 568 frustra
325 507 463 566 molliora
478 511 652 578 cesserunt,
668 505 738 565 ierit
751 520 859 564 venam
873 505 1100 581 membrisque,
1115 505 1143 568 si

158 592 354 651 adhaerentia
369 596 482 650 nocent
495 595 526 648 et
539 587 678 649 morbum
691 587 881 663 diffundunt,
901 605 1010 649 manus
1024 589 1141 651 adieri:

158 690 215 734 nee
229 675 292 734 ulla
306 675 383 734 dura
399 673 520 733 videtur
535 673 660 744 curatio,
678 673 765 732 cuius
780 673 921 732 salutaris
937 670 1066 733 effectus
1082 681 1141 734 est

128 763 146 815 3
158 759 201 818 lta
214 759 314 833 legum
330 756 503 832 praesidem
518 755 711 830 civitatisque
723 762 872 815 rectorem
883 757 980 829 decet,
993 757 1143 831 quamdiu

157 849 275 917 potest,
302 840 404 900 verbis
427 846 457 899 et
476 838 524 899 his
539 840 729 899 mollioribus
750 839 873 913 ingenia
893 854 1015 914 curare,
1040 848 1075 900 ut
1098 842 1141 901 la·

158 926 267 985 cienda
282 925 410 985 suadeat
425 923 683 997 cupiditatemque
703 922 824 983 bonesti
845 931 875 983 et
892 923 983 997 aequi
998 925 1145 985 conciliet

157 1008 266 1069 animis
281 1008 433 1082 iaciatque
448 1006 587 1066 vitiorum
603 1005 715 1078 odium,
729 1007 857 1080 pretium
868 1005 1022 1066 virtutum.
1042 1013 1140 1068 trans·

158 1100 208 1153 eat
221 1092 333 1151 deinde
348 1091 386 1150 ad
402 1089 563 1151 tristiorem
578 1091 761 1163 orationem,
780 1107 841 1165 qua
854 1098 977 1150 moneat
991 1090 1095 1150 adhue
1113 1099 1145 1152 et

159 1176 333 1249 exprobret.
374 1172 542 1235 novissime
562 1173 601 1232 ad
624 1188 740 1248 poenas
762 1180 792 1233 et
810 1172 866 1232 bas
888 1173 989 1233 adhuc
1010 1173 1098 1235 leves
1114 1181 1146 1234 et

159 1259 350 1320 revocabiles
365 1258 517 1318 decurrat.
559 1256 663 1317 ultima
677 1255 829 1332 supplicia
843 1257 1011 1316 sceleribus
1027 1257 1143 1317 ultimis

160 1351 267 1418 ponat,
290 1350 324 1403 ιιι
337 1358 425 1402 nemo
443 1349 562 1416 pereat,
582 1341 642 1400 nisi
659 1356 749 1416 quem
764 1341 864 1416 perire
878 1341 968 1400 etiam
984 1341 1145 1416 pereuntis

131 1428 286 1491 tintersit
308 1427 373 1485 Hoc
388 1441 450 1485 uno
466 1425 657 1485 medentibus
672 1423 730 1485 erit
743 1423 908 1497 dissimilis,
922 1425 1006 1500 quod
1018 1424 1061 1484 illi
1073 1425 1140 1500 qui-

158 1510 217 1570 bus
232 1510 324 1568 vitam
339 1525 400 1568 non
417 1514 581 1583 potuerunt
596 1509 706 1583 largiri,
719 1509 837 1568 laeilem
849 1507 962 1568 exitum
975 1513 1144 1582 praestant,

159 1593 208 1651 hio
230 1593 390 1651 damnatos
412 1607 479 1650 cum
502 1591 656 1650 dedecore
681 1598 713 1651 et
736 1591 926 1651 traductione
952 1591 1014 1652 vita
1037 1591 1143 1666 exigit,

160 1692 221 1736 non
236 1675 309 1749 quia
323 1675 490 1735 delectetur
510 1675 600 1734 ullius
622 1690 737 1749 poena,
769 1677 877 1751 procui
895 1682 944 1734 est
963 1674 1044 1734 enim
1057 1690 1079 1734 a
1093 1691 1142 1735 sa·

160 1760 261 1834 piente
275 1765 336 1819 tam
350 1758 513 1819 inhumana
529 1757 643 1832 feritas,
664 1757 720 1818 sed
732 1765 766 1818 ut
776 1758 991 1819 documentum
1006 1756 1143 1819 omnium

160 1844 234 1914 sint,
250 1849 279 1901 et
299 1842 350 1917 qui
365 1845 433 1904 olir‘s
448 1845 507 1902 civi
520 1843 681 1903 noluerunt
696 1842 864 1917 prodesse,
880 1850 976 1903 morte
990 1848 1074 1903 certe
1090 1857 1143 1904 eo-

159 1941 226 1985 rum
240 1925 416 1999 respublica
429 1932 539 1986 utatur.
573 1926 639 1985 Non
654 1934 702 1987 est
715 1941 789 2001 ergo
804 1934 911 1986 natura
921 1926 1052 1987 bominis
1066 1941 1142 2002 poe·

160 2024 219 2068 nae
235 2009 399 2084 adpetens:
417 2009 487 2068 ideo
504 2008 601 2069 neira
617 2010 740 2085 quidam
756 2010 926 2071 secundum
937 2017 1076 2071 naturam
1086 2011 1142 2071 bo·

133 2092 265 2166 nminis,
289 2093 360 2167 quia
375 2108 495 2168 poenae
510 2094 659 2168 adpetens
674 2101 730 2154 est.
768 2094 807 2155 itt
826 2094 959 2155 Platonis
979 2109 1141 2168 argumen-

160 2183 223 2236 tum
247 2177 396 2236 adferam:
427 2177 501 2252 quid
528 2175 609 2238 enim
629 2184 720 2238 nocet
738 2177 845 2237 alienis
866 2178 909 2238 uti
923 2192 963 2236 ex
977 2184 1065 2252 parte
1081 2193 1142 2252 qua

161 2267 266 2321 nostra
280 2266 372 2322 suntl
410 2263 463 2322 Vir
480 2263 580 2335 bonas,
594 2263 698 2337 inquit,
715 2277 774 2321 noo
787 2262 890 2322 laedit.
925 2277 1024 2336 poeno
1039 2261 1142 2323 laedit.

160 2346 233 2406 bono
249 2362 320 2420 erpo
336 2361 432 2422 poena
446 2362 505 2406 ooo
518 2350 660 2406 convenit.
696 2345 732 2406 ob
744 2345 800 2406 ltoe
813 2362 868 2406 neo
882 2348 945 2418 ira,
960 2349 1031 2419 puio
1039 2361 1142 2420 poeno

159 2432 225 2489 irae
238 2433 378 2489 conuenit.
422 2429 458 2489 Si
469 2433 516 2490 vir
529 2431 621 2490 boum
630 2445 728 2505 poena
741 2445 801 2489 oon
813 2429 940 2504 pandet,
955 2444 1013 2489 nort
1024 2429 1141 2504 quode

159 2512 201 2571 tit
212 2528 250 2571 ne
262 2527 296 2571 eo
311 2514 428 2585 quidem
445 2513 577 2585 adfecto,
592 2517 644 2574 oui
652 2528 750 2588 poena
767 2514 910 2588 voluptati
918 2518 976 2573 est:
993 2528 1065 2587 erpo
1082 2528 1141 2573 noo

159 2599 203 2654 εει
213 2597 361 2654 naturalis
373 2596 433 2655 iro.

133 2695 148 2748 1
221 2676 286 2734 vll.
330 2676 532 2750 Numquid,
561 2678 735 2753 quamvis
764 2694 837 2738 non
866 2679 918 2740 sit
945 2677 1140 2739 naturalis

160 2759 1049 2840 ira,adsumendaest‚quiautilissaepeluitr
1078 2762 1140 2821 Ex·

160 2842 237 2905 tollit
255 2843 373 2905 animos
391 2850 422 2904 et
440 2845 552 2905 incitat.
595 2860 652 2905 nec
667 2845 831 2922 quicquam
846 2847 913 2908 sine
930 2847 981 2907 illa
1001 2845 1139 2920 magnili-

158 2943 229 3000 ¹cum
243 2929 273 2987 in
287 2927 368 2990 bello
384 2929 529 2990 fortitudo
545 2929 637 3003 gerit,
659 2929 717 2988 nisi
732 2928 803 2991 bino
817 2929 941 2991 flamma
955 2929 1079 2991 subdita
1093 2936 1141 2990 est

160 3018 191 3070 et
203 3009 254 3070 hie
269 3011 409 3073 stimulus
424 3012 603 3088 peragitavit
622 3013 764 3088 misitque
784 3015 814 3074 in
837 3016 972 3090 pericula
992 3013 1139 3074 audaces.
1156 3030 1159 3033 ’

162 3091 313 3168 Optimum
327 3097 431 3170 itaque
446 3096 570 3170 quidam
585 3103 693 3172 putant
706 3104 878 3173 temperare
891 3099 981 3168 iram,
1004 3113 1067 3158 non
1082 3097 1135 3157 tol·

160 3177 231 3250 lere,
247 3191 348 3252 eoque
363 3178 499 3239 demacto
515 3181 599 3254 quod
614 3182 757 3255 exundat,
774 3183 814 3243 ad
829 3183 993 3243 salutarem
1013 3180 1139 3241 modum

160 3273 287 3335 cogere,
312 3261 343 3320 id
363 3277 438 3323 vero
456 3261 602 3338 retinere,
624 3266 690 3324 sine
706 3281 768 3341 quo
784 3266 938 3340 languebit
951 3266 1030 3325 actio
1045 3270 1078 3325 et
1091 3263 1139 3323 vis

130 3349 195 3403 aar
208 3343 297 3418 vigor
310 3345 402 3405 animi
416 3349 598 3409 resolvetur.
629 3350 760 3410 Primum
776 3351 894 3410 facilius
909 3357 958 3411 est
971 3348 1140 3410 excludere

159 3427 335 3503 pemlciosa
349 3446 440 3504 quam
455 3447 578 3507 regere,
596 3441 626 3493 et
646 3450 707 3494 non
721 3433 880 3495 admittere
895 3449 987 3511 quam
1003 3432 1140 3493 admissa
