2378 3856
291 167 343 226 DE
357 166 577 228 BREVITATE
592 165 720 227 VITAE.
743 174 863 229 lo—lil.
997 166 1060 230 215

85 321 146 382 sed
161 319 286 379 materia
300 327 444 379 mutatum
461 318 558 388 nostri
572 334 629 378 nos
643 318 778 378 honores
795 327 965 379 torserunt:
988 321 1059 395 plus

85 403 234 478 temporis
259 403 350 462 alieni
379 402 530 462 auserunt.
561 400 713 461 canrfidati
734 402 874 462 laborare
895 403 1058 464 desiimus:

87 487 308 560 suffragatores
337 485 510 560 incipimus.
546 485 716 545 accusandi
741 485 941 560 deposuImus
966 489 1060 547 mole-

88 574 191 646 stiam:
206 568 361 630 iudicandi
375 569 587 629 nanciscimur.
619 567 712 628 iudex
727 567 819 627 desiit
832 584 919 629 esse:
939 569 1060 646 quaesi·

87 647 136 715 tor
147 663 203 714 est.
218 654 387 714 alienorum
397 653 548 714 bonorum
558 651 750 711 mercenaria
759 653 975 725 procuratione
987 669 1059 714 con-

88 737 203 797 senuit:
218 739 282 798 suis
295 736 405 811 opibus
418 736 577 797 detinetur.
599 735 727 795 Marium
739 736 836 810 caliga
848 735 974 797 dimisit:
988 754 1059 796 con·
1072 748 1089 801 6

88 823 203 881 sumtus
217 827 347 880 exercet.
371 819 507 893 Quintius
520 819 695 879 dictaturam
702 826 847 893 properat
854 820 1059 893 praevadere=

88 905 126 964 ab
142 912 241 964 aratro
255 904 457 964 revocabitur.
479 902 533 962 ivit
549 901 579 960 in
597 901 718 962 Poenos
733 903 869 963 nendum
881 910 982 963 tanae
997 920 1059 963 ma·

87 997 174 1048 turus
189 988 233 1046 rei
249 986 369 1062 Scipio,
397 987 494 1049 victor
510 985 703 1058 Hannibalis,
724 986 824 1046 victor
835 986 994 1060 Antiochi,
1011 986 1060 1048 sui

88 1073 265 1132 consulatus
287 1071 399 1144 decus,
425 1070 547 1131 fraterni
563 1086 713 1144 sponsor,
739 1067 771 1127 ni
784 1085 840 1143 per
855 1070 958 1144 ipsum
974 1087 1061 1131 mora

87 1155 142 1228 sit,
166 1171 234 1214 cum
248 1155 321 1214 love
336 1162 550 1228 reponeretur:
577 1154 682 1213 civiles
698 1160 893 1213 servatorem
903 1153 1061 1229 agitabunt

86 1239 254 1298 seditiones
275 1247 304 1298 et
320 1246 391 1312 post
405 1237 556 1298 fastiditos
572 1235 714 1295 aiuvene
729 1236 777 1294 dis
792 1252 910 1311 aequos
925 1237 1059 1298 honores

86 1322 260 1381 iamsenem
272 1322 459 1382 contumacis
470 1319 552 1380 exilii
564 1319 726 1380 delectabit
736 1318 869 1379 ambitio.
891 1320 1061 1395 Numquam

86 1405 216 1464 deerunt
228 1406 278 1464 vel
293 1405 398 1464 felices
414 1406 462 1463 vel
477 1404 607 1462 miserae
621 1402 834 1463 sollicitudinis
853 1418 976 1463 causae.
1004 1419 1061 1479 per

86 1489 306 1563 occupationes
324 1488 384 1548 vita
398 1488 542 1548 trudetur.
572 1488 665 1546 otium
678 1503 842 1560 numquam
852 1494 970 1563 agetur,
981 1502 1060 1547 sem-

88 1588 146 1647 per
165 1572 328 1646 optabitur.
642 1594 644 1598 ·
881 1600 883 1604 >
946 1598 949 1605 ·

149 1656 254 1715 XVIll.
276 1655 416 1730 Excerpe
431 1655 534 1728 itaque
548 1662 577 1713 te
592 1654 692 1728 volgo,
707 1653 833 1714 Pauline
848 1655 1014 1727 carissime,
1031 1662 1086 1714 etl

87 1740 115 1798 in
138 1739 375 1814 tranquilliorem
402 1747 519 1813 portum
540 1754 602 1797 non
617 1754 673 1812 pro
690 1737 797 1797 aetatis
814 1740 914 1813 spatio
930 1739 1059 1798 iactatus

87 1823 210 1882 tandem
230 1823 351 1882 recede.
385 1822 498 1896 Cogita,
514 1829 588 1896 quot
602 1820 713 1882 fluctus
729 1821 876 1895 subieris,
896 1829 973 1897 quot
987 1829 1060 1881 tem-

86 1912 223 1981 pestates
244 1904 352 1980 partim
373 1907 507 1980 privatas
527 1905 725 1978 sustinueriS,
751 1906 858 1980 partim
874 1905 1013 1982 publicas
1030 1905 1060 1964 in

85 1997 115 2050 te
138 1990 334 2049 converteris.
366 1989 440 2049 satis
458 1991 518 2048 iam
531 2005 588 2063 per
603 1989 758 2049 laboriosa
772 1998 802 2049 et
816 1991 951 2065 inquieta
965 1990 1060 2051 docu-

85 2079 188 2133 menta
208 2073 341 2134 exhibita
361 2073 456 2132 virtus
479 2080 540 2132 est:
568 2072 723 2147 experire,
750 2075 823 2146 quid
838 2075 871 2132 in
883 2074 944 2134 otio
961 2073 1060 2133 iaciat.

84 2155 183 2218 Maior
198 2173 269 2232 pars
286 2156 408 2230 aetatis,
431 2164 513 2216 certe
528 2157 634 2216 melior
647 2156 836 2229 reipublicae
848 2157 919 2217 data
933 2156 985 2215 site
1007 2156 1060 2214 ali-

86 2239 160 2314 quid
179 2239 326 2314 temporis
345 2239 386 2298 tui
402 2254 488 2299 sume
503 2239 592 2298 etiam
606 2237 668 2298 tibi.
689 2238 753 2298 Nec
769 2246 799 2299 te
813 2240 853 2298 ed
870 2254 996 2313 segnem
1010 2246 1062 2299 aut
1071 2255 1088 2306 2

85 2323 213 2383 inertem
229 2324 360 2398 quietem
377 2338 470 2383 vocet
496 2338 556 2382 non
571 2329 605 2381 ut
619 2337 727 2382 somno
745 2328 775 2381 et
789 2323 869 2382 caris
884 2321 991 2381 turbae
1008 2337 1059 2380 vo·

85 2407 261 2480 luptatibus,
279 2407 425 2482 quicquid
442 2413 490 2466 est
503 2405 573 2467 inte
580 2405 691 2465 indolis
701 2404 830 2476 vividae,
844 2420 974 2479 mergas.
998 2421 1059 2465 non

85 2496 135 2548 est
154 2490 236 2550 istud
258 2491 476 2566 adquiesceret
501 2490 639 2549 invenies
660 2490 776 2550 maiora
796 2489 936 2548 omnibus
959 2488 1060 2548 adhuc

85 2582 210 2634 strenue
225 2575 359 2635 tractatis
374 2573 529 2649 operibus,
546 2589 626 2649 quae
641 2574 796 2648 repositus
811 2579 842 2633 et
852 2588 980 2633 securus
996 2571 1058 2647 agi-

86 2664 142 2716 tes.
174 2659 218 2717 Tu
228 2657 358 2732 ’quidem
379 2657 462 2718 orbis
477 2665 623 2718 terrarum
635 2658 770 2718 rationes
788 2655 984 2719 administras
999 2663 1058 2717 tam
1074 2664 1091 2718 3

85 2740 273 2800 abstinenter
289 2757 380 2815 quam
395 2742 527 2816 alienas,
544 2749 607 2801 tam·
618 2742 777 2816 diligenter
793 2757 885 2816 quam
900 2748 982 2813 tuaS,
998 2746 1057 2799 tam

84 2822 229 2896 religiose
251 2839 343 2896 quam
369 2824 518 2898 publicas.
549 2824 580 2885 in
605 2823 784 2895 [colonicio
800 2838 936 2897 amorem
950 2837 1059 2882 couse-

87 2905 201 2981 queris,
218 2905 248 2963 in
265 2922 325 2979 quo
342 2906 446 2966 odium
461 2907 557 2966 vitare
571 2905 695 2965 difficile
709 2912 774 2964 esta
790 2905 847 2963 sed
861 2913 971 2976 tamen,
986 2901 1059 2964 mihi

85 2989 193 3063 crede,
219 2988 316 3048 satius
331 2996 378 3047 est
391 2989 471 3047 vitae
487 3002 562 3049 suae
575 2986 725 3059 rationem
741 3001 831 3061 quam
847 2985 988 3045 frumenti
1002 3001 1058 3060 pu·

85 3073 156 3132 blicl
172 3087 276 3132 nosse.
298 3071 393 3132 Istum
407 3071 497 3130 animi
512 3071 663 3145 vigorem,
678 3084 781 3129 rerum
793 3067 995 3131 maximarum
1009 3073 1090 3130 aad

86 3155 299 3230 pacissimum,
316 3171 334 3213 a
348 3154 512 3215 ministerio
527 3152 697 3214 honorifico
713 3151 853 3229 quidem,
876 3152 935 3213 sed
949 3166 1059 3228 parum

86 3240 126 3297 ad
138 3239 258 3299 beatam
270 3241 359 3298 vitam
371 3244 443 3312 apto
451 3238 504 3311 [ad
512 3243 551 3310 te]
559 3252 674 3297 revoca
684 3235 828 3313 etcogita
836 3252 900 3309 nott
911 3234 958 3301 id«

85 3330 116 3381 te
136 3322 175 3382 ab
198 3329 297 3383 aetate
321 3323 420 3397 prima
436 3321 518 3381 omui
533 3321 615 3383 cultu
629 3318 801 3395 studiorum
813 3318 842 3387 lit

86 3404 138 3464 tibi
150 3409 244 3467 multa
254 3407 334 3467 milia
346 3405 571 3465 frumentibene
580 3404 846 3473 committerentur-r
