2378 3856
284 213 337 274 ΒΕ
352 212 684 287 TRANQUILLITATE
699 211 820 271 ANIMI.
835 220 861 274 7.
872 219 899 274 D
1016 210 1077 275 183

103 379 212 425 norem
234 364 414 423 damnorum
434 373 505 422 esse
525 362 691 421 materiam.
720 376 805 420 erras
827 361 922 435 enim,
945 362 971 420 si
987 369 1077 435 putas

104 448 274 507 animosius
288 445 467 506 detrimenta
486 444 595 504 divites
617 446 710 503 ferre:
731 443 870 504 maximis
885 443 1077 521 minimisque

105 530 289 606 corporibus
314 545 371 604 par
395 535 443 588 est
465 529 553 589 dolor
576 527 722 588 volneris.
761 528 838 588 Bion
865 529 1020 611 eleganter
1038 530 1107 603 aitg

104 629 193 687 „uon
219 612 319 674 miuus
340 613 500 672 molestum
522 626 594 671 esse
615 609 711 670 calvis
734 626 824 685 quam
845 613 972 671 comatis
997 613 1077 688 pilos

103 697 212 757 velli.“
251 696 335 756 Idem
364 696 445 755 scias
474 694 546 755 licet
572 694 612 754 de
643 692 829 774 pauperibus
858 694 1077 770 locupletibus·

105 795 184 855 que,
210 794 266 855 par
286 779 346 839 illis
367 794 439 839 esse
466 785 664 839 tormentum:
692 778 853 853 utriusque
878 779 965 837 enim'
985 794 1078 853 pecu-

103 865 156 922 nia
185 880 242 923 sua
271 862 410 923 obhaesit
435 877 493 921 nec
524 863 592 921 sine
618 877 711 920 sensu
735 862 841 920 revelli
870 867 982 936 potest.
1020 863 1062 923 To

103 946 258 1006 lerabilius
273 952 374 1006 autem
389 952 452 1018 est,
474 953 507 1006 ut
526 945 606 1017 dixi,
628 945 810 1019 faciliusque
831 961 891 1005 non
914 946 1078 1021 adquirere
1115 1009 1116 1013 ,

103 1045 197 1105 quam
212 1030 361 1103 amittere,
376 1029 509 1105 ideoque
523 1029 666 1088 laetiores
681 1027 800 1088 videbis
816 1044 896 1104 quos
912 1045 1077 1105 numquam

104 1111 228 1173 fortuna
241 1113 394 1187 respexit,
418 1128 508 1192 quam
525 1128 604 1187 quos
620 1112 765 1172 deseruit.
794 1113 878 1172 Vidit
892 1112 952 1174 hoc
966 1114 1076 1188 Dioge-
1089 1131 1107 1185 4

101 1213 175 1272 nes,
191 1196 239 1255 vir
253 1196 382 1272 ingentis
395 1197 500 1270 animi,
517 1204 546 1256 et
560 1194 676 1269 effecit,
697 1210 736 1254 ne
752 1195 825 1269 quid
841 1197 899 1254 sibi
915 1197 991 1271 eripi
1004 1214 1077 1272 pos-

102 1279 159 1340 sel.
176 1287 210 1340 tu
222 1281 304 1341 istud
316 1286 540 1355 paupertatem,
553 1277 701 1352 inopiam,
714 1284 880 1352 egestatem
890 1295 979 1354 voca,
994 1280 1078 1354 quod

102 1365 190 1424 voles
222 1363 456 1438 ignominiosum
487 1362 640 1421 securitati
665 1377 776 1422 nomen
801 1363 931 1436 inpone:
964 1362 1076 1437 putabo

101 1447 183 1506 hunc
197 1462 259 1508 non
275 1462 347 1507 csse
360 1445 493 1517 felicem,
510 1445 640 1520 siquem
653 1445 725 1504 mihi
739 1445 829 1505 alium
843 1447 1012 1521 inveneris,
1028 1446 1078 1505 cui

102 1529 177 1590 nihil
193 1529 306 1605 pereat.
337 1537 390 1590 aut
400 1545 459 1602 ego
472 1528 575 1602 fallor,
597 1536 648 1588 aut
662 1544 788 1604 regnum
803 1537 851 1588 est
865 1531 942 1589 inter
956 1546 1076 1601 avaros,

105 1612 404 1688 circumscriptores,
431 1614 580 1682 latrones,
607 1613 773 1687 plagiarios
798 1629 892 1673 unum
917 1630 1001 1688 esse,
1027 1613 1077 1673 cui

102 1695 208 1756 noceri
227 1713 288 1756 non
305 1698 413 1771 possit.
443 1694 474 1756 Si
496 1697 565 1770 quis
580 1696 619 1755 de
634 1695 776 1756 felicitate
790 1696 936 1772 Diogenis
952 1697 1105 1769 dubital,5

101 1786 206 1854 potest
221 1780 302 1840 idem
317 1780 456 1841 dubitare
471 1786 500 1839 et
514 1780 554 1840 de
568 1780 696 1839 deorum
711 1780 912 1840 inmortalium
928 1788 1021 1850 statu,
1039 1796 1077 1838 an

102 1879 212 1938 parum
236 1863 325 1922 beate
349 1864 478 1938 degant,
505 1864 590 1937 quod
614 1863 673 1923 illis
695 1858 752 1922 nec
772 1865 899 1938 praedia
919 1879 977 1923 nec
996 1861 1077 1924 horti

103 1947 164 2006 sint
185 1960 243 2005 nec
264 1947 363 2007 alieno
385 1947 495 2005 colono
516 1963 587 2006 rura
603 1947 740 2021 pretiosa
753 1963 811 2006 nec
826 1948 943 2022 grande
963 1947 994 2006 in
1009 1948 1077 2006 foro

103 2030 203 2089 fenus.
232 2045 293 2090 non
309 2035 339 2088 te
355 2030 463 2104 pudet,
479 2031 620 2104 quisquis
635 2030 749 2090 divitiis
764 2031 935 2105 adstupesa
955 2031 1076 2104 respice

58 2113 233 2187 Nagedum
249 2113 410 2174 mundum:
426 2112 527 2172 nudos
543 2112 662 2172 videbis
678 2114 772 2186 deos,
788 2115 890 2173 omnia
904 2115 1013 2173 dantes
1031 2112 1075 2170 ni-

102 2195 317 2256 nil'habentes.
346 2197 433 2256 Hunc
447 2204 480 2255 tu
495 2210 662 2270 pauperem
677 2203 766 2270 putas
782 2214 821 2256 an
837 2197 885 2256 dis
903 2196 1075 2256 immortali·
1101 2255 1145 2293 ff

103 2279 162 2338 bus
177 2280 320 2353 similem,
343 2279 394 2353 qui
410 2295 444 2338 sa
459 2279 589 2338 fortuitis
604 2279 746 2338 omnibus
761 2281 865 2339 exuit?
896 2278 1105 2345 Feliciorems

101 2363 333 2422 tu'Demetrium
347 2362 565 2437 Pompeianum
584 2370 696 2434 vocae,
720 2378 811 2437 quem
831 2379 892 2422 non
910 2363 1018 2436 puduit
1033 2363 1077 2421 lo-

103 2445 301 2520 cupletiorem
322 2461 394 2506 esse
414 2445 582 2520 Pompeio?
609 2461 753 2505 numerus
775 2446 816 2506 illi
838 2446 949 2506 cotidie
970 2461 1075 2505 servo-

102 2543 170 2588 rum
191 2531 273 2589 velut
293 2529 468 2604 imperatori
483 2530 635 2589 exercitus
650 2529 852 2602 referebatur,
876 2531 924 2591 cui
944 2528 1004 2589 iam
1020 2530 1075 2590 du-

102 2612 175 2671 dum
191 2611 315 2673 divitiae
335 2628 408 2673 esse
428 2612 598 2673 debuerant
617 2614 679 2673 duo
699 2608 805 2672 vicarii
826 2621 856 2674 et
876 2614 952 2674 cella
967 2614 1075 2674 laxior.

101 2698 144 2754 At
157 2695 290 2770 Diogeni¹
307 2712 416 2758 servus
437 2694 546 2757 unicus
568 2698 644 2773 fugit
658 2713 715 2756 nec
730 2713 797 2757 eum
812 2698 981 2769 reducere,
1007 2702 1102 2757 euml

102 2786 337 2853 monstraretur,
358 2781 430 2841 tanti
454 2783 579 2855 putavit.
608 2782 733 2854 „Turpe
749 2788 810 2853 est,
833 2780 944 2855 inquit,
964 2779 1074 2839 Manen

102 2862 170 2920 sine
195 2859 332 2935 Diogene
357 2878 452 2936 posse
476 2862 596 2934 vivere,
620 2865 776 2936 Diogenen
803 2862 870 2921 sine
897 2863 988 2921 Mane
1013 2877 1075 2921 non

104 2948 234 3019 posse.“
273 2944 403 3004 Videtur
427 2945 498 3004 mihi
525 2944 658 3005 dixisse:
694 2960 777 3017 „age
801 2953 886 3005 tuum
912 2943 1075 3022 negotium,

103 3029 234 3087 fortuna.
257 3026 329 3085 nilril
345 3028 426 3102 apud
437 3026 595 3102 Diogenen
612 3027 671 3086 iam
689 3026 732 3086 tui
747 3023 812 3086 est(
823 3027 911 3101 Fugit
925 3026 997 3085 mihi
1011 3042 1075 3086 ser-

102 3118 185 3170 vus?
205 3111 296 3171 immo
314 3109 390 3169 liber
404 3110 507 3171 abiit.“
531 3110 657 3170 Familia
673 3110 748 3184 petit
760 3110 934 3192 vestiarium
949 3109 1104 3171 victum-8

105 3209 175 3268 que.
205 3201 249 3255 tot
270 3201 391 3254 ventres
413 3192 658 3256 avidissimorum
682 3194 854 3254 animalium
875 3194 976 3254 luendi
993 3201 1073 3256 sunt.

104 3278 234 3338 emenda
254 3279 348 3338 vestis
370 3286 400 3338 et
423 3279 642 3339 custodiendae
661 3279 880 3353 rapacissimae
908 3293 1016 3337 manus
1045 3284 1075 3336 et

105 3357 243 3420 flentium
264 3362 541 3437 detestantiumque
563 3361 738 3423 ministeriis
767 3363 924 3422 utendum.
959 3366 1073 3434 quanto

104 3442 154 3501 ille
170 3444 300 3520 felicior,
316 3445 368 3522 qui
383 3446 456 3506 nihil
471 3445 524 3506 ulli
538 3446 643 3520 debet,
659 3447 717 3506 nisi
733 3446 817 3519 quod
829 3444 969 3504 facillime
984 3453 1076 3517 negat
1178 3521 1187 3528 .

58 3755 136 3819 Qe-
