2378 3856
239 213 342 274 DIAL.
366 214 416 272 lll.
449 212 500 273 DE
521 213 590 274 IRA
609 213 683 273 LlB.
704 213 726 271 Ι.
746 219 862 274 8-11.
997 212 1041 278 48

62 380 113 426 *es
133 365 192 425 illis
214 363 383 440 similisque
403 362 603 440 opposueris,
629 372 661 424 ut
685 365 747 423 irae
763 371 890 438 metum,
917 365 1042 427 inertiae

61 449 151 522 iram,
165 448 265 509 timori
284 447 489 523 cupiditatem.
521 445 613 507 Absit
631 448 690 508 hoc
705 464 724 507 a
741 448 849 509 virtute
866 449 986 524 malum,
1007 456 1069 511 uta

60 548 207 608 umquam
220 531 297 591 ratio
314 531 354 592 ad
367 531 440 591 vitia
453 532 616 605 confugiat.
655 531 722 590 Non
737 539 840 605 potest
854 531 904 591 hic
919 533 1037 593 animus

61 617 153 677 ildelc
169 613 263 676 otium
277 630 397 691 capere.
438 615 589 689 quatiatur
609 629 739 675 necesse
753 621 801 675 εει
815 614 1039 691 fluctueturquc
1053 613 1054 616 ’

60 699 114 776 qui
131 700 218 759 malis
233 696 298 759 suis
312 705 394 759 tutus
409 705 471 773 εει,
494 696 547 774 qui
561 698 648 758 lortis
664 712 736 758 esse
749 699 808 758 nisi
822 698 963 760 irascitur
977 716 1039 761 non

61 789 174 858 potest,
190 782 357 843 industrius
372 780 432 842 nisi
447 783 538 858 cupit,
562 783 682 855 quietus
697 782 756 842 nisi
769 783 869 843 timetr
890 782 920 841 in
936 790 1039 861 tyran—

59 866 133 926 nide
142 865 192 924 illi
205 865 368 925 vivendum
383 866 476 926 estin
492 865 620 926 alicuius
635 866 776 926 adlectus
790 865 923 926 venienti
942 867 1038 926 servi-

60 957 164 1009 tutem.
196 948 262 1009 Non
283 949 379 1024 pudet
396 948 523 1010 virtutes
545 950 574 1007 in
596 949 763 1010 clientelam
777 950 920 1012 vitiorum
934 949 1039 1009 deruit-

60 1037 149 1092 terel
193 1032 310 1092 Deinde
339 1030 451 1092 desinit
475 1032 639 1108 quicquam
670 1049 766 1108 posse
790 1034 884 1107 ratio,
915 1034 941 1093 si
967 1032 1069 1097 nihile

59 1121 163 1191 potest
177 1114 244 1175 sine
257 1115 388 1189 adiectu,
404 1121 434 1175 et
448 1117 554 1192 incipit
567 1131 624 1191 par
637 1116 678 1176 illi
690 1117 858 1192 similisque
870 1130 951 1176 esse.
966 1116 1040 1191 quid

60 1199 140 1258 enim
155 1198 294 1273 interest,
318 1199 344 1258 si
366 1214 466 1274 aeque
485 1199 624 1260 adlectus
645 1201 817 1260 inconsulta
834 1215 885 1259 res
904 1206 953 1259 est
973 1199 1040 1259 sine

60 1283 176 1344 ratione
191 1298 283 1357 quarn
297 1282 373 1343 ratio
389 1283 457 1342 siue
470 1283 593 1342 adiectu
607 1282 771 1343 inefficaxr
801 1298 863 1357 par
877 1288 1039 1356 utrumque

60 1373 116 1440 est,
131 1365 184 1425 ubi
199 1381 270 1425 csse
285 1366 411 1426 alterurn
426 1366 492 1426 sine
506 1367 601 1426 altero
616 1381 676 1425 non
693 1373 805 1441 petest.
844 1365 919 1438 Quis
939 1370 1040 1425 autem

60 1449 214 1510 sustineat
228 1449 381 1508 adlectum
395 1464 570 1523 exaequare
581 1448 713 1509 rationi?
747 1450 820 1523 „lta,
835 1449 942 1524 inquit,
958 1447 1068 1509 utilisl

59 1532 201 1592 adlectus
217 1538 279 1602 est,
296 1532 322 1591 si
339 1529 478 1591 modicus
493 1536 570 1592 est.“
601 1532 695 1592 lrnmo
716 1533 743 1593 si
763 1532 966 1595 naturautilis
983 1539 1039 1592 est.

60 1616 119 1676 sed
145 1615 171 1673 si
191 1614 341 1689 inpatiens
361 1615 479 1693 imperii
497 1615 687 1692 rationisque
710 1623 774 1690 est,
799 1617 859 1677 hoc
884 1616 1040 1676 dumtaxat

60 1695 271 1759 moderatiene
285 1705 501 1774 consequetur,
515 1706 549 1760 ut
564 1715 624 1774 quo
640 1699 739 1761 minor
754 1701 852 1775 luerit,
870 1700 969 1760 minus
984 1715 1039 1758 no·

60 1789 142 1842 caat:
166 1795 239 1856 ergo
255 1783 393 1842 modicus
408 1782 548 1844 adiectus
562 1784 636 1843 nihil
649 1785 733 1845 aliud
746 1800 838 1860 quarn
848 1783 961 1843 malurn
975 1796 1039 1841 rno-

60 1865 161 1925 dicum
177 1872 232 1926 est

122 1948 172 2006 lll.
192 1946 273 2022 „Sed
289 1950 439 2010 adversus
448 1949 565 2031 hostes,
580 1950 685 2025 inquit,
701 1952 746 2009 ira
761 1959 808 2011 εει
822 1949 1039 2012 ηεεεεεειὶειιι
1053 1950 1068 2003 1

62 2030 218 2106 Nusquam
243 2033 359 2092 minus=
384 2033 437 2093 ubi
456 2050 518 2095 non
535 2032 657 2093 effusos
672 2049 745 2095 esse
765 2041 886 2109 oportet
905 2033 1037 2108 inpetus,

61 2114 119 2173 sed
132 2121 318 2190 temperatos
334 2123 364 2175 et
376 2115 565 2177 obedientes.
598 2115 676 2190 Quid
690 2117 771 2177 enim
785 2125 834 2177 est
844 2117 938 2191 aliud,
954 2116 1039 2192 quod

60 2196 210 2256 barbaros
225 2203 309 2257 tanto
323 2198 514 2260 robustiores
529 2199 727 2273 corporibus,
743 2207 826 2261 tauto
842 2199 1037 2274 patientiores

60 2279 201 2340 laborum
215 2281 399 2341 comminuat
412 2282 470 2342 nisi
490 2283 536 2342 ira
555 2281 754 2342 infestissima
775 2282 857 2342 sibi‘r
891 2283 1039 2356 gladiato·

60 2379 112 2423 res
129 2374 253 2439 quoque
273 2378 324 2423 ars
344 2369 460 2438 tuetur,
480 2364 527 2425 ira
546 2365 690 2425 denudat.
726 2365 843 2427 Deinde
865 2364 939 2440 quid
959 2370 1068 2438 opust

61 2454 110 2506 est
123 2445 177 2520 ira,
193 2463 261 2506 cunr
276 2447 356 2506 idem
372 2447 513 2522 proficiat
526 2448 626 2508 ratior
654 2465 693 2508 an
707 2455 741 2509 tu
759 2454 849 2524 putas
863 2453 1038 2508 venatorem

61 2530 153 2589 irasci
168 2531 262 2590 seris?
292 2529 377 2605 atqui
391 2536 422 2589 et
435 2528 583 2591 venientis
598 2532 712 2607 excipit
730 2540 761 2600 et
776 2532 918 2607 fugientis
933 2546 1038 2606 perse-

63 2613 172 2688 quitur,
187 2620 217 2672 et
233 2615 334 2674 omnia
347 2614 398 2673 illa
413 2613 480 2675 sine
495 2613 541 2674 ira
554 2616 625 2676 lacit
638 2617 725 2676 ratio.
759 2616 836 2689 Quid
852 2616 1039 2677 Cimbrorum

59 2697 326 2772 Teutonorumque
345 2706 389 2758 tot
409 2697 491 2759 milia
511 2701 676 2774 superfusa
696 2699 825 2774 Alpibus
846 2701 888 2759 ita
908 2698 1038 2769 sustulit,

59 2785 93 2838 ut
106 2787 207 2840 tantae
221 2780 317 2841 cladis
332 2783 468 2842 notitiam
488 2784 528 2843 ad
549 2798 623 2844 suos
644 2799 706 2843 non
722 2782 861 2856 nuntius,
883 2783 940 2842 sed
959 2782 1039 2840 lama

61 2864 232 2938 pertulerit,
255 2864 313 2924 nisi
333 2866 417 2940 quod
438 2872 503 2926 erat
517 2865 576 2925 illis
601 2880 658 2940 pro
680 2866 787 2926 virtute
807 2866 876 2923 irar
906 2879 986 2938 quae
1002 2868 1039 2922 'ut

61 2947 226 3022 aliquando
242 2949 376 3023 propulit
390 2949 557 3023 stravitque
572 2948 677 3021 obvia,
700 2949 741 3007 ita
762 2947 887 3022 saepius
902 2945 961 3006 sibi
974 2945 1038 3004 erri-

60 3030 101 3090 tio
117 3037 174 3090 εει.
206 3031 365 3092 Germanis
381 3032 455 3106 quid
469 3037 518 3091 cst
531 3031 719 3091 animosius?
741 3030 815 3104 quid
830 3030 870 3090 ad
884 3031 1067 3089 incursumi

61 3113 184 3175 acrius?
209 3112 283 3189 quid
299 3130 450 3174 armorum
465 3113 628 3189 cupidiusr
656 3114 766 3189 quibus
780 3113 979 3174 innascuntur
992 3111 1037 3173 in-

60 3197 309 3273 nutriunturque‚
332 3213 461 3272 quorum
482 3197 573 3257 unica
593 3197 651 3256 illis
667 3213 740 3257 eura
754 3198 844 3257 estin
859 3197 919 3257 alia
933 3198 1035 3271 negle-

60 3280 211 3354 gentibus.
245 3281 319 3356 quid
332 3279 503 3340 induratius
518 3281 558 3339 ad
573 3296 694 3340 omnem
707 3282 902 3356 patientiamr
921 3287 956 3340 ut
970 3278 1037 3352 qui·

61 3362 118 3422 bus
139 3379 250 3438 magna
274 3380 313 3423 ex
338 3370 426 3439 parte
450 3380 511 3424 non
534 3363 698 3438 tegimenta
720 3379 886 3439 corporum
912 3361 1039 3436 prouisa

60 3446 134 3520 sint,
163 3463 225 3507 uon
251 3446 384 3522 suffugia
409 3447 559 3506 adversus
586 3455 766 3522 perpetuum
792 3447 869 3506 coeli
890 3444 1037 3518 rigaretur
