2378 3856
12 219 42 262 9
218 184 270 245 DE
284 185 617 258 Taauouuut'rauu
633 187 754 251 nutui.
771 195 879 253 ΗΟ.
971 187 1036 259 185

58 342 112 400 vix
133 347 197 401 tota
218 339 280 398 vita
299 337 418 399 indices
440 337 590 422 perlegite
616 346 725 403 onerat
745 337 915 403 discentem
935 340 1034 414 turba,

59 439 122 485 non
146 422 280 494 instruit,
303 421 464 496 ¹multoque
486 421 585 485 satius
604 429 658 487 ,est
682 423 789 496 paucis
808 429 838 483 te
858 423 1034 490 auctoribus

59 508 197 580 tradere,
219 522 312 580 quam
332 520 436 573 errare
451 520 508 578 per
527 504 649 569 multos.
684 504 891 579 ommaginu
906 507 987 572 milia
999 508 1067 577 lia

56 590 184 651 brorum
198 588 405 649 Alexandriae
419 594 574 655 arserunt:
590 586 825 661 pulcherrimum
841 589 944 664 regiae
959 607 1034 665 opu·

57 673 171 734 lentiee
197 678 424 740 mouumentum
446 671 525 737 atius
544 670 737 744 laudaverit,
765 671 844 733 sicut
870 680 900 732 et
908 673 1035 746 dirius,

60 758 114 832 qui
128 760 293 830 elegantiae
306 773 411 830 regum
420 771 571 829 caraeque
579 758 732 829 cereptum
746 755 780 815 id
788 771 862 829 opus
873 756 914 815 ait
921 756 1035 828 faisse:

58 856 123 900 non
144 839 199 900 luit
219 839 370 913 elegantia
384 839 459 900 illud
478 844 529 898 aut
550 853 637 912 cura,
663 837 722 898 scd
744 839 885 901 studiosa
905 839 1034 909 luxuria,

58 923 152 993 immo
166 939 206 983 nc
221 922 361 989 studiosa
375 922 513 997 quidem,
530 921 674 997 quoniam
688 937 750 982 non
765 922 795 981 in
811 922 959 994 studium,
978 923 1035 985 sed

59 1007 90 1066 in
117 1007 328 1082 spectaculum
353 1013 610 1081 conparaverant,
637 1006 717 1066 sicut
742 1005 898 1081 plerisque
920 1005 1034 1081 ignaris
1052 1001 1091 1036 'f'

60 1089 314 1160 etiamser-vitium
325 1088 478 1159 literarum
492 1088 558 1149 libri
570 1105 631 1149 non
645 1088 815 1151 studiorum
827 1091 1034 1164 instrumenta,

60 1173 119 1235 sed
141 1172 354 1235 coenationnnr
376 1179 555 1234 ornamenta
574 1179 653 1234 sunt.
682 1171 809 1233 Paretur
823 1173 928 1248 itaque
943 1174 1035 1235 libro-
1056 1191 1057 1196 ¹

59 1273 128 1319 rum
143 1265 287 1331 quantum
303 1257 378 1323 satis
393 1257 448 1328 sit,
476 1255 550 1321 nihil
565 1256 595 1315 in
609 1254 799 1328 adparatum.
833 1255 1035 1330 „Honestiua
1050 1271 1067 1325 6

60 1340 180 1415 inquis,
201 1339 261 1400 hoc
282 1348 312 1401 tc
328 1343 343 1378 *
358 1340 508 1414 inpensae
532 1355 624 1412 quam
645 1339 676 1397 in
699 1337 852 1401 Corinthia
873 1337 1036 1414 pictasque

60 1423 181 1485 tabulas
200 1421 398 1491 effuderint.“
428 1421 582 1488 Vitiosum
596 1427 645 1483 est
661 1420 791 1496 ubique,
813 1421 898 1497 quod
912 1422 1036 1485 nimium

60 1516 119 1569 cst.
150 1507 224 1582 quid
241 1506 354 1577 habes,
375 1522 431 1566 cur
450 1504 596 1579 ignoscas
617 1503 732 1569 homini
749 1506 879 1567 armaria
901 1506 976 1569 citro
992 1512 1035 1569 at·

61 1607 122 1666 que
143 1590 237 1651 ebore
258 1589 410 1664 captanti,
433 1604 565 1663 corpora
586 1586 778 1663 conquirenti
798 1597 850 1650 aut
864 1590 1036 1663 ignotorum

60 1682 218 1735 auctorum
243 1681 294 1734 aut
317 1672 548 1748 inprobaturum
573 1680 604 1732 et
626 1673 705 1735 inter
723 1679 768 1733 tot
789 1672 869 1735 milla
889 1672 1036 1735 librortun

61 1757 218 1830 oscitanti,
237 1757 284 1817 cui
299 1756 486 1817 uoluminum
498 1772 623 1818 suorum
638 1758 755 1819 frontes
769 1756 900 1818 mamma
909 1755 1037 1835 placent

61 1840 223 1917 tituliqucr
249 1840 343 1914 Apud
364 1840 629 1905 desidiosissimos
652 1854 725 1914 ergo
750 1838 871 1901 videbis
888 1839 1065 1915 quicquido

61 1922 232 1986 orationum
246 1923 503 1999 historiarumque
518 1929 574 1996 est,
588 1929 670 1984 tecto
679 1928 772 1986 tenus
780 1929 937 1985 exstructa
950 1923 1034 1985 locu·

61 2010 203 2069 lamenta.
231 2008 291 2068 iam
307 2007 387 2069 euim
402 2009 479 2068 inter
489 2006 645 2067 balnearia
659 2013 689 2065 et
702 2007 836 2069 mermes
849 2005 1036 2069 bibliotheca

62 2107 190 2167 quoque
210 2098 244 2152 ut
266 2090 473 2153 necessarium
498 2091 609 2149 domus
635 2098 846 2153 ornamentum
871 2092 1034 2164 expolitur.

63 2177 258 2251 ignoscerem
273 2175 381 2249 plane,
397 2175 424 2236 si
440 2173 611 2234 studiorum
625 2173 718 2232 nimia
732 2172 876 2247 cupidine
890 2174 1034 2233 orireturz

60 2259 218 2321 nunciata
232 2257 419 2334 conquisita,
442 2272 510 2318 cum
531 2254 713 2352 imaginibus
728 2256 794 2315 suis
811 2255 967 2330 descripta
981 2260 1035 2328 [et]

61 2357 222 2413 saeuorum
242 2358 337 2417 opera
357 2339 548 2416 ingeniorum
570 2341 599 2399 in
615 2339 750 2412 speciem
765 2344 795 2397 et
809 2339 921 2398 cultum
937 2337 1036 2412 parie-

60 2435 125 2487 tum
141 2434 358 2499 conparantur.

124 2509 162 2569 X.
183 2509 224 2568 At
238 2508 301 2582 [ad]
318 2507 577 2583 aliquodgenus
593 2507 699 2569 vitae
714 2504 888 2566 dillicilc
903 2504 1063 2572 incidistii

60 2599 93 2652 ct
112 2591 167 2654 tibi
187 2591 340 2668 ignoranti
355 2591 403 2651 vel
420 2588 541 2666 publica
556 2592 677 2653 fortuna
689 2589 741 2654 -val
757 2589 876 2663 privata
891 2589 1034 2664 laqueum

60 2676 195 2750 inpegit,
219 2691 310 2750 quem
324 2689 383 2737 uec
397 2675 520 2736 solvere
535 2690 648 2749 posses
664 2688 721 2735 nec
736 2689 913 2747 erumpere.
935 2673 1036 2746 cogita

61 2759 245 2833 compeditos
271 2759 371 2833 primo
392 2773 484 2833 aegre
500 2759 580 2818 ierne
594 2773 688 2818 onera
702 2763 732 2816 et
746 2756 954 2831 inpedimenta
969 2770 1035 2814 cru·

60 2858 139 2911 uani.
169 2840 281 2910 deinde
302 2841 353 2902 ubi
373 2857 436 2901 non
456 2840 606 2914 indignari
628 2841 693 2912 illa,
714 2839 772 2899 scd
787 2840 849 2913 pati
863 2852 1035 2912 proposue-

60 2933 147 3000 runt,
167 2923 392 2985 necessitas
413 2922 570 2984 fortiter
587 2922 695 2981 terre
715 2921 843 2991 docet,
870 2934 1035 2979 consue-

60 3009 155 3071 tudo
171 3007 299 3069 facile.
321 3006 467 3068 ‘invenies
482 3006 512 3064 in
528 3004 665 3080 quolibet
677 3018 792 3078 genere
807 3003 886 3065 vitae
903 3001 1036 3064 oblecta-

61 3100 164 3154 menta
185 3099 216 3155 et
228 3091 427 3151 remissiones
447 3096 480 3149 ct
498 3089 688 3163 voluptates:
710 3087 736 3147 si
755 3086 913 3160 nolucris,
929 3084 1037 3148 malam

60 3183 179 3253 putate
196 3175 288 3243 vitam
304 3174 408 3250 potius
428 3188 518 3250 quam
536 3172 717 3233 invidiosam
732 3171 843 3232 lacere.
871 3170 960 3232 Nullo
974 3178 1068 3231 rae-a

63 3263 125 3325 lius
144 3260 267 3326 nomine
288 3258 328 3320 de
344 3257 438 3321 >nobis
457 3264 565 3318 natura
586 3255 709 3328 meruit,
729 3270 820 3330 quam
836 3256 951 3332 [produ
968 3269 1037 3312 cum

63 3345 159 3413 seirat
177 3342 290 3419 quibus
311 3341 465 3403 aerumnis
484 3355 694 3412 nasceremur,
716 3338 918 3401 calamitatum
939 3335 1035 3397 molli-

61 3432 238 3509 mlum
335 3424 470 3491 tudinem
496 3424 625 3498 invenit,
655 3423 717 3484 cito
743 3423 774 3481 in
804 3419 1035 3480 familiaritatem

27 3506 57 3519 ..Ι
76 3500 110 3521 ,“Ι
141 3502 173 3521 Ι·-
