2378 3856
270 192 324 253 nn
348 159 532 255 sensuum
552 195 604 255 nn
625 195 721 257 eno.
743 207 829 262 e-s.
979 199 1040 265 lot

59 354 198 411 naturum
213 347 330 407 vivere:
353 353 490 407 nutura
510 363 580 413 nos
602 349 647 413 ed
668 355 871 427 utrumque
892 352 1038 428 genuit,

59 437 96 492 et
118 429 442 505 contemplationi
463 447 587 494 rerum
603 434 808 495 electioni.
850 440 918 507 [eu]
937 435 1040 502 Nunc

53 517 217 593 primum
239 513 464 588 probemus,
499 514 603 589 quod
627 515 737 590 prius
761 519 1038 592 praediximus.

60 597 138 673 Quid
157 603 275 673 porros
300 596 361 656 hoc
382 613 444 665 neu
463 596 521 665 erit
536 598 712 673 probatum,
732 600 809 665 else
822 604 1040 678 unusquisque

59 681 261 753 consuluerit,
284 687 427 755 quonum
449 679 623 756 cupidinem
637 681 748 747 hubert
763 684 868 760 ignote
880 686 1038 762 noscendi,

59 781 152 840 quem
171 765 212 827 ed
232 764 332 831 omnis
352 764 472 832 tubulus
492 768 663 830 exciteturt
695 765 846 842 Navigant
865 768 989 844 quidum
1009 777 1067 834 etr

58 848 180 916 labores
194 847 449 923 peregrinationis
470 849 670 923 longissimae
689 866 750 911 une
769 852 911 913 mercede
929 864 1037 929 perpe

59 931 170 994 liuntur
191 931 400 1006 cognoscendi
420 932 537 1008 aliquid
558 933 694 997 abditum
712 941 934 1010 remotumque.
961 936 1038 999 haec

57 1031 109 1076 res
124 1015 163 1081 ad
179 1016 356 1090 spectaculo
370 1016 506 1091 populos
520 1016 679 1088 conuenit,
694 1016 771 1078 haec
783 1016 865 1094 cogit
876 1020 1039 1094 praecluso

56 1099 171 1172 rimuri,
185 1098 351 1168 secretiora
364 1100 538 1175 exquirere,
552 1101 746 1174 untiquitetes
761 1103 920 1176 evolvere,
935 1119 1038 1167 mores

57 1184 254 1251 barbarorum
266 1181 372 1252 audire
386 1185 530 1258 gentium.
554 1183 714 1247 Curiosum
728 1184 818 1246 nobis
833 1192 941 1250 netum
955 1187 1067 1262 iuges

57 1267 140 1331 nium
164 1267 248 1335 dedit
271 1274 301 1330 el
322 1267 396 1329 erus
417 1267 477 1330 sibi
497 1282 534 1333 ec
557 1266 791 1342 pulchritudinis
816 1284 893 1329 suae
913 1271 1039 1332 conscie

58 1358 251 1426 spectatores
271 1366 331 1418 nos
350 1351 441 1418 mutis
464 1367 568 1418 rerum
585 1350 772 1425 spectaculis
793 1351 910 1425 genuit,
935 1354 1037 1428 perdi·

56 1443 126 1494 tura
139 1433 269 1496 fructum
285 1435 347 1505 sui,
367 1435 468 1497 sitem
482 1449 609 1508 inagna,
627 1442 688 1495 tum
702 1435 798 1510 oleru,
815 1442 874 1500 tam
889 1436 1039 1501 subtiliter

57 1518 164 1591 docte,
187 1525 250 1581 tam
274 1517 368 1579 nitide
389 1524 418 1578 et
439 1533 584 1590 nonuno
598 1533 711 1592 genere
726 1519 863 1581 lmmosa
881 1519 1037 1582 solitudini

56 1601 243 1662 ostenderet.
271 1600 311 1664 Ut
325 1601 409 1663 seiae
426 1601 507 1668 iilam
522 1602 655 1675 specmri
668 1603 821 1677 voluisse,
846 1619 907 1664 non
922 1611 1067 1666 tantumt

57 1685 192 1759 adspici,
217 1684 287 1746 uide
307 1699 396 1759 quem
420 1684 509 1752 nobis
528 1686 630 1754 locum
650 1685 783 1749 dederits
805 1686 837 1746 iu
856 1685 956 1748 media
978 1702 1036 1749 nos

56 1768 106 1830 sui
122 1775 208 1844 parte
219 1768 375 1830 constituit
386 1775 416 1828 et
428 1769 681 1843 oneumspoctum
694 1769 828 1837 emnium
841 1769 931 1831 uobis
943 1769 1037 1833 dedit.

56 1868 115 1914 nec
129 1853 227 1913 erexit
239 1852 449 1917 tantummodo
464 1851 628 1927 huminem,
641 1854 802 1919 sedetiam
817 1853 948 1914 habilem
965 1867 1037 1914 eou-

55 1935 282 2008 temptationem
298 1936 424 2010 iscurra,
440 1943 472 1996 ut
485 1937 524 1996 ah
539 1943 607 2000 ortu
622 1937 723 1998 sidere
734 1938 765 1999 in
777 1953 922 2000 cerasum
933 1937 1036 1999 leben·

55 2021 96 2080 tiu
112 2019 259 2093 prosequi
278 2025 385 2092 posset
398 2026 429 2080 et
443 2022 556 2080 voltum
570 2037 660 2081 suum
675 2021 868 2083 circumferre
884 2037 953 2084 cunr
963 2028 1037 2093 toto,

56 2102 188 2163 sublime
212 2101 284 2160 fecit
308 2102 349 2160 illi
371 2111 462 2177 caput
480 2111 511 2164 et
531 2104 610 2164 collo
631 2103 726 2163 flexili
751 2105 898 2179 inposuit.
925 2105 1037 2167 deinde

55 2201 133 2252 sene
148 2201 203 2260 per
217 2183 313 2256 diem,
337 2199 413 2246 sena
427 2192 618 2260 pernoctem
633 2187 721 2260 signa
734 2188 909 2262 perdurens
924 2188 1037 2250 nullam

55 2285 117 2330 non
141 2277 258 2343 partem
279 2269 328 2329 sui
350 2269 511 2344 explicuit,
535 2276 569 2330 ut
585 2285 641 2343 per
660 2269 752 2343 llaec,
778 2285 857 2344 quoe
877 2268 1036 2344 obtuderat,

56 2352 156 2414 oculis
183 2353 249 2414 eius
277 2352 472 2427 cupiditatem
497 2354 613 2413 iaceret
642 2352 733 2412 etium
757 2360 950 2417 ceterorum·
974 2353 1065 2418 Neet

56 2437 137 2496 enim
162 2438 264 2498 omnin
288 2442 449 2497 nectente
472 2436 599 2503 visimus
622 2442 843 2511 quantasque,
871 2435 929 2499 sed
953 2435 1036 2498 acies

56 2528 163 2582 nostru
175 2521 273 2595 operit
290 2518 350 2581 sibi
369 2519 573 2595 investigandi
593 2520 673 2581 riam
693 2527 723 2585 et
744 2520 940 2583 fundamenta
963 2534 1036 2580 vero

56 2603 142 2676 iecit,
164 2613 195 2664 ut
213 2602 371 2680 inquisitio
389 2610 524 2667 transeut
543 2618 582 2670 ert
603 2605 716 2679 opertis
736 2605 768 2664 in
789 2603 923 2665 obscura
940 2610 970 2663 et
983 2602 1036 2665 sli-

57 2688 131 2763 quid
151 2686 221 2762 ipso
242 2688 357 2751 mundo
375 2687 508 2751 inveniat
527 2688 696 2763 antiquius,
720 2688 804 2749 unde
827 2687 886 2750 istu
912 2688 1036 2764 [sidere]

56 2771 196 2833 exierint
226 2773 296 2846 quis
312 2769 402 2835 luerit
415 2771 551 2835 universi
565 2779 677 2846 status,
692 2779 855 2847 antequam
870 2771 992 2845 singule
1006 2770 1036 2832 in

57 2861 161 2930 partes
176 2854 380 2915 discederent
412 2871 492 2928 quee
510 2855 589 2917 ratio
602 2871 705 2917 mersa
720 2862 750 2914 et
764 2855 893 2917 nonnose
909 2854 1035 2914 didone

55 2938 102 2999 rit.
134 2937 203 3011 quis
224 2938 296 2998 lora
312 2937 405 2998 rebus
425 2937 641 3010 adsignaverit.
676 2942 786 3010 suapte
806 2943 912 2996 natura
931 2935 1037 3008 grauia

56 3019 280 3091 descenderint,
292 3017 481 3085 evolaverint
492 3018 580 3091 levio,
592 3035 632 3085 en
642 3017 763 3094 preiter
775 3019 877 3080 nisum
888 3017 1035 3092 [pondus]

56 3120 221 3183 corporum
236 3103 324 3165 altior
339 3103 444 3177 aliqum
456 3103 505 3163 uis
518 3102 618 3177 legem
630 3102 758 3177 singulis
774 3100 892 3165 dixerit.
908 3117 948 3160 an
961 3101 1036 3167 illud

57 3204 160 3254 verum
178 3186 226 3261 sit,
243 3203 305 3262 quo
320 3185 452 3252 menime
466 3187 614 3263 probatur
628 3185 767 3251 homines
783 3186 878 3251 divini
889 3200 960 3246 esse
972 3183 1034 3259 spi·

55 3271 147 3343 ritus,
173 3278 292 3346 purtem
314 3286 352 3333 ee
370 3272 464 3335 veluti
485 3271 642 3338 scintillas.
657 3271 807 3345 quaedum
828 3285 987 3330 sacrorum
1006 3269 1035 3329 iu

54 3363 166 3419 terrem
190 3355 350 3422 resiluisse
375 3363 467 3429 atque
488 3356 587 3419 alieno
613 3356 684 3416 loco
709 3353 858 3418 haesisse.
888 3350 1065 3425 Οοςὴαιίοᾱ

55 3443 162 3499 nostre
188 3438 265 3501 coeli
290 3438 474 3500 munimento
498 3439 666 3514 perrumpit
690 3452 747 3501 neo
766 3441 908 3497 contente
926 3441 976 3496 est
995 3431 1035 3507 id,
