2378 3856
112 204 176 269 2⁰2
314 206 347 265 L.
366 203 512 263 ΑΝΝΑΕΙ
532 200 709 263 SENECAE
729 200 881 262 bineli

83 366 232 422 tconstet
251 357 291 416 ab
311 357 363 415 illo
378 362 476 430 rapta.
515 354 581 429 Quo
596 370 658 415 non
673 362 846 430 erumperet
857 362 922 417 itm
934 356 1086 419 inmatura

113 440 258 502 ambitint
277 439 374 499 scires
388 440 419 498 in
434 440 546 498 malum
559 439 668 513 ingens
682 444 714 498 et
727 440 878 513 privatum
887 445 921 500 et
930 438 1085 519 publicum

113 538 272 586 evasuram
289 537 496 598 praecoquem
510 521 679 582 audaciam.
701 535 773 583 scre
786 522 892 597 itaque
904 522 1088 598 querebatur

113 609 213 669 nullas
234 605 292 666 sibi
312 605 405 665 lorias
424 604 593 680 contigisse
613 621 633 664 a
652 620 749 679 puero
773 604 944 667 seditiosus
965 611 999 667 et
1021 608 1086 669 loro

112 692 225 767 gravis.
261 690 454 764 Disputatur,
476 703 518 767 an
531 690 600 763 ipse
615 687 674 747 sibi
687 702 796 748 manus
809 688 965 751 adtulerit
986 686 1084 751 subito

112 776 193 836 enirn
215 775 341 834 volnere
360 786 417 848 per
436 773 548 847 inguen
569 780 698 846 accepto
717 772 885 847 conlapsae
897 779 964 847 est,
985 772 1085 849 aliqud

114 858 284 930 dubitante,
305 872 345 915 an
359 870 443 915 mors
457 856 523 916 eius
539 856 819 928 voluntariaesset,
841 856 941 931 nullo,
963 872 1005 917 an
1016 864 1083 918 tem·

85 946 102 1000 ³
113 942 242 1016 pestiva.
286 938 517 1014 Supervacuum
544 943 592 999 est
617 953 856 999 commemorare
880 940 1010 1015 plures,
1037 941 1083 1017 qui

113 1040 181 1085 curn
196 1024 263 1083 aliis
278 1022 446 1083 felicissimi
455 1022 646 1094 viderentur,
661 1022 721 1096 ipsi
735 1020 765 1081 in
777 1037 813 1082 se
826 1038 935 1085 verum
951 1024 1082 1085 testimo

113 1108 195 1167 nium
217 1107 373 1178 dixerunt,
395 1105 499 1180 perosi
520 1120 641 1166 omnem
663 1114 762 1166 actum
782 1122 932 1167 annorum
950 1122 1083 1169 suorum

114 1192 169 1251 scd
184 1191 231 1250 bis
248 1190 380 1265 querelis
396 1204 453 1248 nec
467 1190 544 1250 alios
559 1195 752 1251 mutaverunt
766 1204 823 1249 nec
839 1204 875 1249 so
889 1191 992 1269 ipsos.
1019 1206 1083 1253 nam

114 1290 182 1335 cunr
204 1274 298 1333 verba
318 1280 499 1349 eruperunt,
528 1273 667 1333 adlectus
685 1274 725 1332 ud
739 1274 996 1335 consuetudinem
1012 1276 1082 1335 reia*

84 1359 234 1425 ebuntur.
270 1358 382 1417 Vestra
394 1357 584 1416 mehercules
598 1355 675 1427 vita,
696 1355 767 1416 licet
780 1372 876 1431 supra
890 1356 975 1418 mille
989 1364 1083 1421 annos

114 1449 218 1512 exeat,
245 1442 275 1500 in
296 1440 481 1501 artissimum
502 1440 705 1501 contrahetur.
736 1440 795 1500 ista
807 1441 881 1500 vilia
895 1441 1081 1503 nullumnos

115 1526 251 1585 seculum
272 1524 476 1584 devorabunt:
503 1523 564 1582 hnc
585 1538 658 1583 vern
674 1522 806 1599 spatium
822 1524 922 1599 quod,
947 1526 1084 1601 quamvis

115 1614 224 1668 natura
238 1606 343 1680 currit,
364 1607 442 1666 ratio
456 1606 576 1680 dilatat,
597 1608 656 1667 cito
670 1622 729 1667 vos
744 1605 870 1681 effugiat
883 1624 1020 1671 necesse
1032 1618 1083 1670 est

115 1707 175 1754 non
211 1691 291 1750 eninr
324 1688 554 1764 adprehenditis
589 1705 647 1751 nec
679 1691 838 1766 [retinetis]
871 1693 1085 1754 velocissimae

115 1775 248 1835 omnium
264 1773 308 1833 rei
324 1786 440 1833 moram
452 1773 565 1845 tacitis,
581 1774 638 1833 sed
649 1774 733 1835 abire
743 1782 850 1835 utrem
862 1790 1085 1850 supervacuam

113 1875 151 1918 ac
164 1856 365 1932 reparabilem
380 1856 487 1916 sinitis.

86 1958 101 2007 1
175 1940 241 1999 Vll.
273 1940 312 1998 ln
341 1940 475 2015 primis
501 1946 682 2001 autemst
708 1941 800 2001 illos
821 1957 1000 2017 numero,
1022 1942 1085 2020 qui

114 2023 210 2084 nulli
231 2022 286 2082 rei
308 2023 383 2082 nisi
404 2021 493 2082 vino
514 2022 729 2083 aclibidini
745 2026 1085 2087 vacant.'nullieuim

113 2107 232 2182 turpius
247 2106 389 2182 occupati
400 2113 480 2166 sunt.
503 2106 596 2166 ceteri
608 2106 727 2168 etiamsi
736 2122 817 2167 vana
827 2109 947 2182 gloriae
957 2111 1085 2187 insamae

114 2198 287 2263 teneantur,
304 2189 449 2265 speciose
462 2197 563 2251 tamen
578 2199 688 2251 errant.
710 2191 1005 2266 lieetavarosmibi,
1020 2194 1085 2255 treet

113 2275 278 2335 iracundos
294 2290 455 2335 enumeres
466 2275 516 2333 vel
530 2274 602 2335 odia
615 2280 796 2335 exercentes
806 2274 921 2337 iniusta
929 2276 1084 2337 velbcllt·

114 2373 222 2419 omnes
237 2359 287 2419 isti
300 2357 417 2419 virilius
429 2365 573 2432 peccunt
594 2358 624 2416 in
635 2359 787 2418 Venerem
797 2366 836 2418 ae
846 2357 1007 2421 libidinem
1017 2372 1084 2437 pro·

87 2442 262 2503 electorum
285 2442 448 2502 inhonesta
471 2441 558 2501 tabes
584 2448 640 2501 est.
673 2440 780 2502 Omnia
799 2432 930 2503 istorum
949 2450 1085 2521 tempora

115 2532 234 2584 excute.
265 2525 391 2600 adspice
412 2524 558 2598 quamdiu
579 2532 758 2600 conputent,
781 2525 928 2599 quamdiu
942 2526 1084 2589 insidien-

114 2614 178 2679 tur,
193 2607 339 2681 quamdiu
350 2607 481 2680 timeant,
498 2607 644 2682 quamdiu
655 2609 764 2681 colant,
781 2608 928 2684 quandlu
939 2613 1085 2682 colenbrr,

115 2697 260 2765 quantum
275 2690 449 2749 vadimonia
465 2707 522 2750 sua
536 2697 628 2765 atque
641 2691 741 2751 aliena
755 2699 921 2769 occupent,
935 2701 1085 2770 'quantum

115 2771 271 2845 convivia,
295 2787 375 2851 quae
394 2773 453 2831 iam
470 2773 540 2849 lpsa
554 2773 657 2834 olllcia
671 2783 755 2836 sunt=
780 2775 917 2852 videbis,
940 2776 1084 2853 quemad·

114 2857 239 2918 modum
259 2857 328 2917 illos
343 2855 498 2932 respirare
511 2872 573 2917 non
588 2857 689 2919 sinant
701 2861 751 2919 vel
764 2860 845 2919 mala
858 2874 918 2920 sua
931 2863 982 2923 vel
996 2862 1086 2923 bone·

85 2940 253 3016 silentque
272 2941 350 3002 inter
368 2956 476 3001 omnes
496 2941 638 3002 convenit
651 2942 762 3004 nullam
777 2956 842 3002 rem
855 2942 937 3004 bene
950 2942 1085 3005 exerceri

115 3041 211 3098 posse
223 3025 261 3083 ab
270 3024 396 3085 homine
404 3032 564 3099 occupato
575 3042 637 3086 non
648 3025 862 3122 eloquentiam,
872 3042 935 3088 non
944 3027 1084 3089 liberales

116 3105 309 3202 disciplinas,
334 3107 458 3181 quando
474 3108 628 3168 districtus
643 3109 762 3168 animus
776 3106 850 3169 nihil
863 3111 956 3173 altius
970 3109 1084 3189 recipit,

115 3188 172 3249 sed
194 3190 295 3248 omnia
314 3190 398 3248 velut
416 3191 568 3250 inculcata
582 3192 709 3263 respuit
744 3190 848 3251 Nihil
874 3194 1002 3255 minus
1030 3199 1086 3255 est

114 3271 281 3331 hominis
309 3272 493 3344 occupati
527 3288 635 3346 quarn
666 3273 807 3334 vivere.
846 3276 996 3339 nullius
1030 3272 1083 3337 rei

115 3354 330 3415 difficilior
352 3354 519 3414 scientia
535 3361 602 3414 est.
631 3357 827 3430 professores
839 3358 1083 3422 aliarumartium

114 3439 206 3513 volgo
226 3438 374 3513 multique
394 3443 473 3495 sunt
510 3438 658 3511 quasdam
673 3455 748 3500 vero
762 3457 802 3500 ex
815 3441 865 3502 his
879 3444 969 3519 pueri
982 3445 1084 3505 adme
