2378 3856
146 218 341 281 Acciullltr
361 217 444 280 coll
461 216 722 281 Pnovlusrtlla
746 218 814 280 stt.
847 220 898 280 tll.
915 220 967 281 lv.
1027 220 1049 283 9

8 442 11 447 ,
66 372 139 435 vitis
151 379 309 444 venerunt,
324 377 358 430 ut
371 370 497 431 dubium
512 370 559 443 sit,
574 385 613 428 au
628 368 777 431 electione
790 371 843 431 lati
857 371 929 431 dala
944 373 1048 447 plures

64 452 153 517 nasei
166 455 276 530 Reguli
296 469 388 529 quam
401 453 594 515 Maecenates
614 453 716 515 velint
744 462 797 514 aut
815 454 927 528 siquis
948 456 1048 529 luerit,

66 539 119 616 qul
141 538 253 599 audeat
275 537 377 597 dicere
395 536 603 598 Maecenatem
622 551 658 596 se
680 554 772 613 quam
791 539 940 613 Regulum
961 539 1048 599 nasci

63 622 228 695 maluisse,
249 620 330 681 idem
345 621 418 695 iste,
434 626 535 682 taceat
548 621 633 694 licet,
648 622 735 681 nasci
749 636 784 680 se
799 621 969 682 Terentiam
984 638 1047 682 ma·

64 707 129 768 luit.
161 704 243 765 Male
265 710 425 764 tractatum
447 704 603 766 Socratem
624 704 758 777 iudicas,
785 706 870 780 quod
890 706 970 765 illam
992 708 1089 782 poll

64 791 180 851 tionem
200 787 328 862 publice·
342 785 466 848 mixtam
487 804 548 849 non
569 789 656 848 aliter
676 803 769 863 quam
794 788 1048 849 medicamentum

63 871 289 934 inmortalitatis
315 871 444 931 obduxit
466 877 498 931 et
518 871 557 930 de
576 878 674 931 morte
695 871 864 947 disputavit
884 888 985 947 usque
1008 874 1048 933 ad

64 957 188 1033 ipsama
206 955 285 1014 male
305 970 374 1014 cum
395 954 447 1015 illo
468 962 567 1015 aetum
585 962 650 1029 est,
671 956 754 1030 quod
774 957 893 1030 gelatus
915 962 964 1016 cst
978 972 1048 1016 san·

65 1041 137 1116 guis
153 1054 190 1099 ac
204 1037 348 1114 paulatim
363 1037 476 1112 frigore
491 1038 615 1097 inducto
629 1054 776 1098 venarum
789 1040 878 1113 vigor
892 1039 1049 1100 constititt

65 1124 186 1199 Quanto
209 1122 307 1197 magis
332 1120 404 1180 huie
427 1120 624 1181 invidendum
650 1127 700 1181 est
720 1138 810 1195 quam
835 1122 909 1195 illis,
936 1123 1047 1196 quibus
1056 1129 1090 1183 13

64 1222 186 1282 gemma
212 1204 413 1278 ministratur,
439 1203 550 1279 quibus
570 1205 708 1264 exoletus
730 1205 832 1263 omnia
852 1206 914 1278 pati
937 1206 1061 1265 doctus.

65 1296 212 1352 exsectae
232 1287 381 1349 virilitatis
403 1296 456 1349 aut
470 1287 780 1365 dubiaersuspensam
796 1303 870 1345 aruo
886 1287 989 1346 nivem
1003 1290 1047 1348 di-

64 1457 158 1517 bilem
179 1472 266 1516 suarm
287 1451 496 1531 ragusanae,
519 1459 549 1513 at
563 1454 613 1513 ille
627 1469 779 1515 venenum
793 1456 891 1515 laetus
905 1462 935 1515 et
948 1453 1047 1514 libens

64 1541 194 1601 hauriet.
218 1538 307 1612 Quod
320 1541 360 1599 ad
372 1540 516 1600 Catonem
529 1538 671 1613 pertinet,
687 1536 762 1599 satis
778 1537 892 1600 dictum
907 1544 956 1599 est
966 1540 1090 1599 sum-ll

64 1637 208 1699 mamque
222 1621 264 1682 illi
279 1623 450 1685 felicitatem
467 1622 631 1696 contigisse
644 1638 816 1684 consensus
833 1622 989 1684 hominum
1004 1623 1018 1681 l
1035 1653 1047 1663 ·

64 1707 187 1767 labitur.
204 1722 295 1782 quem
306 1707 365 1766 sibi
374 1723 476 1767 rerum
487 1713 596 1767 natura
607 1706 718 1781 delegit
730 1722 798 1766 cum
810 1724 872 1780 quo
885 1704 1049 1767 metuenda

65 1790 232 1850 collideret
254 1789 450 1864 „Inimicitiae
465 1789 632 1865 potentium
645 1805 756 1865 graves
771 1798 858 1851 sunt:
874 1796 1049 1865 apponatur
1160 1856 1163 1861 ¹

65 1874 156 1934 simul
167 1874 328 1948 Pompeio,
346 1873 483 1947 Caesari,
500 1874 621 1934 Crasso.
643 1888 736 1948 grave
750 1879 798 1933 est
812 1889 831 1933 a
846 1872 1048 1935 deterioribus

65 1957 186 2016 honore
206 1957 327 2017 anteiria
350 1955 472 2017 Vatinio
497 1958 690 2032 postleratur.
724 1970 819 2031 grave
839 1965 887 2017 est
908 1956 1048 2018 civilibus

64 2039 156 2098 bellis
175 2040 338 2100 interesse:
361 2047 424 2101 toto
446 2047 590 2099 terrarum
614 2040 688 2099 orbe
711 2056 766 2113 pro
782 2054 877 2099 causa
893 2041 973 2099 bonu
987 2045 1048 2097 tam

66 2121 226 2183 infeliciter
241 2138 334 2196 quam
353 2124 547 2195 pertinaciter
559 2123 672 2181 militet.
694 2137 789 2195 grave
804 2129 852 2182 est
866 2121 924 2181 sibi
940 2136 1049 2181 manus

64 2203 204 2264 adferre=
219 2203 318 2261 iaciat.
342 2204 415 2276 quid
426 2219 482 2277 per
491 2203 567 2263 haec
579 2211 774 2277 consequar?
787 2212 821 2264 ut
832 2219 940 2263 omnes
951 2205 1050 2263 sciant

64 2300 130 2347 non
145 2300 217 2345 esse
230 2282 307 2342 haec
317 2286 404 2352 mala,
423 2286 533 2358 quibus
548 2301 606 2358 ego
622 2285 744 2357 dignum
757 2285 901 2344 catonem
914 2285 1049 2358 putavi.“

130 2370 182 2428 lv.
204 2367 401 2441 Prosperape
413 2364 461 2436 **‚
478 2368 534 2437 sed
548 2367 577 2424 iu
594 2365 714 2439 plebem
728 2381 764 2424 ac
777 2364 847 2425 vilia
861 2365 984 2441 ingenia
995 2365 1075 2425 det

64 2453 207 2512 veniunt:
229 2457 262 2510 at
274 2448 461 2510 calamitates
475 2456 672 2523 terroresque
686 2449 856 2509 mortalium
871 2449 929 2510 sub
944 2448 1047 2523 iugum

66 2535 185 2595 mittere
206 2534 364 2609 proprium
385 2533 486 2607 magni
507 2531 564 2592 viri
585 2539 641 2592 est.
673 2548 795 2608 semper
810 2549 883 2593 vern
898 2549 970 2593 esse
985 2531 1049 2592 leli·

68 2632 135 2678 cem
149 2625 179 2678 et
193 2619 260 2677 sine
274 2632 380 2678 morsu
390 2617 481 2676 animi
492 2616 621 2676 transire
634 2616 724 2678 vitam
736 2618 878 2692 ignorare
889 2624 938 2678 est
947 2631 1049 2677 rerum

68 2709 196 2761 naturae
210 2701 335 2762 alteram
350 2708 475 2775 partem.
498 2700 647 2775 „Magnus
664 2701 710 2760 vir
724 2716 774 2760 cs:
797 2701 853 2761 sed
868 2701 951 2761 unde
970 2701 1078 2771 scius

68 2784 96 2846 si
110 2782 164 2843 tibi
178 2784 300 2844 fortuna
313 2799 375 2843 non
387 2784 440 2844 dat
450 2785 621 2844 facultatem
633 2785 824 2845 exhibendae
837 2783 976 2845 virtutis?
996 2784 1048 2842 de·

68 2867 216 2928 scandisti
232 2868 272 2926 ad
288 2865 444 2944 Olympia.
460 2869 516 2927 sed
532 2883 621 2928 nemo
637 2873 760 2944 praeter
775 2874 818 2926 te:
835 2882 982 2927 coronam
996 2866 1049 2923 ha·

67 2950 140 3020 bes,
162 2948 318 3010 victoriam
340 2961 403 3010 nou
424 2949 531 3010 habes.
564 2965 625 3010 non
651 2951 788 3023 gratulor
808 2957 962 3024 tamquam
982 2948 1048 3007 viro

67 3033 155 3104 lorti,
172 3033 229 3094 sed
243 3039 397 3108 tamquam
412 3034 602 3094 consulatum
617 3039 831 3107 praeturamve
845 3032 974 3106 adeptor
994 3030 1049 3090 ho-

32 3189 36 3196 ,
67 3132 144 3176 nore
159 3124 265 3177 auctus
280 3121 346 3176 es.“
366 3116 451 3176 ldem
466 3116 568 3177 dicere
582 3123 612 3176 el
625 3116 708 3177 bono
724 3116 789 3175 viro
805 3131 950 3191 possum,
966 3112 994 3176 si
1009 3113 1078 3173 illio

68 3201 182 3260 nullam
199 3199 393 3261 occasionem
409 3198 561 3261 difficilior
575 3215 667 3260 casus
682 3199 767 3260 dedit
786 3199 816 3258 in
839 3214 900 3274 qua
913 3213 975 3259 una
990 3197 1050 3257 vim

67 3283 118 3345 sui
131 3282 222 3343 animi
235 3284 424 3344 ostenderem
441 3281 605 3356 „miserum
622 3290 652 3343 te
665 3281 777 3357 iudico,
790 3282 875 3350 cuod
884 3294 1051 3357 numquam

68 3365 153 3427 luisti
167 3367 270 3427 miser.
299 3364 436 3427 transisti
456 3366 523 3427 sine
543 3365 723 3427 adversario
736 3362 767 3425 vi
868 3380 895 3427 nl
947 3376 979 3423 tr

69 3449 145 3524 quid
160 3450 307 3524 potueris.
330 3465 369 3509 ne
383 3456 415 3510 tu
431 3448 553 3523 quidem
568 3448 667 3523 lpser‘
689 3462 771 3523 opus
