2378 3856
164 196 228 259 222
343 197 377 256 L.
400 196 546 256 ANNAEI
567 196 938 259 sententiantium.
1030 232 1034 243 ·

166 352 312 412 audacter
331 349 470 410 dixerim.
505 348 579 424 quid
598 356 696 423 ergo?
721 363 922 424 quemnemo
944 348 1101 413 adversus
1114 359 1141 412 tc

166 436 298 496 animum
315 433 407 509 gerit,
429 448 498 493 eum
513 448 584 493 esse
598 441 631 492 tu
646 432 747 492 credis
762 430 863 493 ιιιιιίε
877 432 937 508 tui,
956 438 994 493 ιιι
1007 434 1142 496 cruciatu

165 520 207 580 tui
235 524 346 578 noceat
368 515 438 589 tibi,
463 524 496 576 ut
515 524 545 577 te
564 516 638 576 velit
657 514 812 575 abducere
832 515 872 575 ab
885 518 1141 592 campanaribus

164 602 235 675 tuis,
250 600 282 659 id
296 608 345 661 est
358 616 377 659 a
391 600 494 660 studio
509 606 540 659 et
553 616 572 658 a
583 598 737 659 caesum
750 615 811 660 non
828 599 947 660 esthoc
957 599 1141 662 similarent.

164 684 216 745 ille
237 684 317 743 enlm
332 681 551 758 indulgentiam
565 682 618 743 tibi
633 689 788 757 tamquam
802 683 888 743 tratri
903 682 1074 759 praestitit,
1093 700 1142 745 ve·

165 769 354 829 nerationem
371 775 525 842 amquam
540 768 670 840 parenti,
685 767 798 827 cultum
812 774 970 841 umquam
981 766 1141 843 commori.

165 854 215 912 ille
231 849 386 910 desiderio
404 849 455 909 tibi
472 864 544 909 esse
558 849 630 921 vult,
645 856 796 909 tormento
809 864 882 909 essa
895 864 960 911 nou
970 850 1049 923 vult.
1069 850 1142 925 ould

166 938 269 1008 itaque
290 933 375 992 iuvat
395 932 493 992 dolori
516 929 723 1004 intabescere,
748 948 855 1008 quern,
880 932 909 993 si
923 932 996 1008 quia
1010 931 1141 995 deluncti

136 1025 280 1079 asaneus
297 1023 359 1088 est,
374 1014 454 1075 liniri
469 1015 562 1073 irater
575 1020 646 1074 tuus
662 1015 767 1089 cupita
792 1017 837 1077 De
850 1014 910 1076 alio
925 1016 1037 1091 imtre,
1058 1017 1139 1109 carius

165 1101 282 1159 incerta
297 1104 405 1173 posset
415 1098 557 1158 voluntas
568 1096 677 1169 videri,
690 1114 792 1158 omnm
802 1099 879 1159 llaec
891 1097 987 1159 dubie
998 1090 1140 1176 potierant

166 1193 197 1244 et
212 1182 384 1254 dicerem,
386 1181 469 1255 ,sive
483 1189 513 1241 te
527 1179 666 1256 torqueri
679 1181 812 1242 lacrimis
823 1198 992 1256 numquam
1002 1184 1138 1245 desinon

165 1266 247 1327 tibus
273 1267 366 1325 irater
389 1272 460 1326 tuus
487 1265 586 1340 cupit,
614 1264 757 1339 indignus
781 1266 842 1326 hoc
864 1265 992 1327 adiectu
1010 1272 1067 1328 luo
1088 1273 1136 1327 est

167 1352 234 1410 sive
260 1365 322 1410 non
349 1349 427 1422 vult,
455 1348 578 1424 utrique
606 1355 743 1409 vestrum
768 1349 979 1411 inhaerentem
1002 1350 1136 1413 dolorem

168 1434 297 1494 dimitte:
315 1447 372 1492 nec
387 1433 491 1507 inpius
502 1432 595 1493 trater
605 1432 651 1492 sic
662 1432 831 1493 desiderari
843 1433 1006 1497 dehetuec
1017 1435 1090 1510 pius
1099 1434 1137 1495 aia

167 1517 270 1576 valit.“
292 1517 322 1574 in
336 1515 397 1576 hoe
413 1531 497 1588 vero,
512 1517 600 1576 cuius
615 1522 676 1576 tam
691 1518 852 1590 explorata
866 1516 977 1592 pictas,
992 1534 1051 1594 pro
1062 1522 1136 1579 curlo

168 1599 341 1658 habendum
360 1607 409 1660 est
423 1599 497 1659 nihil
511 1614 583 1659 esse
596 1598 637 1658 illi
654 1615 749 1673 posse
764 1600 906 1661 acerbius
920 1616 1016 1677 quam
1030 1602 1103 1680 [hic]
1114 1598 1136 1659 si

167 1682 220 1742 tibi
241 1697 332 1741 casus
353 1683 419 1743 eiua
441 1683 573 1742 acerbus
594 1689 656 1756 est,
677 1683 704 1742 si
724 1691 755 1744 te
768 1686 830 1744 ullo
847 1684 941 1746 modo
956 1691 1096 1761 torquet,
1114 1683 1136 1743 si

168 1768 276 1827 oculos
290 1772 371 1839 tuos,
385 1764 617 1839 indignissimos
632 1765 694 1825 hoc
709 1767 799 1841 malo,
814 1767 882 1827 sine
895 1768 960 1829 ullo
973 1766 1072 1831 flendi
1083 1768 1136 1829 dne
1166 1767 1169 1777 '

168 1856 199 1908 et
212 1850 373 1908 conturbat
385 1850 467 1909 idem
480 1856 511 1908 et
524 1848 672 1908 exhaurit.
1179 1866 1181 1871 ·

135 1933 153 1984 ι
230 1930 414 1990 Pietatem
435 1931 1136 2008 tamentuamnihilaequealacrimis

168 2022 239 2074 tam
260 2014 469 2074 inutilibus
494 2015 676 2087 abducet,
703 2032 813 2090 quam
838 2017 871 2076 si
897 2017 1136 2093 cogitaveris

169 2097 360 2158 iratribus
381 2105 416 2157 te
432 2099 508 2158 tuis
525 2101 702 2173 exemplo
718 2115 809 2160 esse
823 2099 969 2161 debere
983 2102 1136 2164 lot-liter

167 2180 915 2244 hancfortunneiniuriamsustinendi.
943 2184 1036 2259 Quod
1049 2186 1136 2246 duces

167 2265 270 2340 magni
294 2265 409 2327 iaciunt
426 2267 521 2326 rebus
535 2266 677 2340 adiectis,
699 2273 733 2326 ut
746 2266 927 2328 hilaritatem
941 2268 983 2329 de
996 2267 1137 2331 industria

170 2348 312 2409 simulent
332 2357 361 2409 at
381 2351 530 2410 adversas
549 2365 601 2409 res
621 2350 800 2410 adumbrata
813 2351 927 2412 laetitia
942 2351 1135 2421 abscondant

169 2450 208 2493 ne
230 2435 354 2492 militum
376 2435 480 2503 animi,
504 2434 530 2492 si
550 2435 676 2494 tractam
689 2433 777 2493 ducis
792 2434 841 2495 sui
855 2441 988 2497 mentem
1005 2434 1136 2507 viderim,

169 2523 199 2574 et
218 2516 277 2589 ipsi
300 2516 502 2576 collabantur=
527 2518 558 2577 id
575 2533 657 2577 nunc
674 2516 734 2577 tibi
756 2534 882 2594 quoque
898 2519 1075 2583 laciendum
1087 2524 1137 2579 cst

141 2597 266 2657 tlndue
286 2599 465 2659 dissimilem
488 2600 588 2660 animo
604 2608 655 2661 tuo
671 2601 786 2661 voltum
801 2609 845 2676 et,
866 2602 894 2662 si
908 2609 1017 2679 potes,
1040 2602 1139 2679 proice

171 2695 291 2740 omnem
308 2696 346 2739 ex
361 2688 425 2741 toto
440 2682 593 2742 dolorem:
610 2684 756 2757 siminus,
772 2688 923 2747 introrsus
935 2686 1020 2747 abde
1030 2694 1138 2748 alcon·

171 2763 247 2837 tine,
269 2779 307 2822 ne
323 2764 484 2839 adpareat,
500 2773 530 2824 ct
544 2767 585 2825 da
598 2782 739 2841 operam,
754 2775 788 2828 ut
801 2769 911 2830 lraues
924 2770 970 2831 tui
986 2776 1020 2831 to
1031 2770 1139 2831 imiten-

170 2856 231 2921 tur,
257 2847 308 2922 qui
330 2847 491 2908 honestum
512 2849 673 2925 putabunt,
702 2852 919 2929 quodcumque
940 2852 1141 2915 minuentem

170 2931 302 2991 viderint
315 2933 509 3008 animumque
525 2949 565 2993 ex
580 2935 664 2996 voltu
681 2941 732 2996 tuo
745 2943 874 2997 omnent
890 2937 930 2997 Et
939 2937 1084 2999 solatium
1093 2936 1141 2997 dc·

171 3015 228 3073 bes
244 3031 315 3075 esse
329 3017 447 3077 illorum
462 3024 491 3076 et
506 3021 772 3079 consolatorum
788 3020 903 3095 poteris
918 3026 1024 3081 autem
1037 3021 1141 3085 horum

173 3100 305 3156 moerori
321 3098 459 3172 obstare,
478 3102 503 3159 si
519 3107 571 3161 tuo
585 3103 759 3162 indulseris

146 3184 160 3233 l
234 3181 286 3238 Vl.
306 3182 373 3257 [ta]
405 3183 540 3243 Potest
565 3185 683 3245 etilla
707 3188 939 3246 resaluctu
961 3134 1141 3263 teprohi·

171 3263 409 3335 berenimio,
425 3264 960 3346 sitibiipserenuntiavcris,
971 3268 1142 3333 nihil-lto

171 3363 259 3420 rum,
277 3365 374 3423 quac
389 3348 502 3421 lacis,
517 3365 637 3424 posse
652 3353 829 3414 subduci.
852 3352 994 3428 Magnam
1007 3354 1064 3423 tibi
1079 3368 1142 3431 par·

174 3445 281 3489 sonam
296 3431 451 3501 hominum
463 3446 634 3495 consensus
647 3436 797 3511 inposuit=
811 3436 889 3498 haec
899 3437 953 3497 tibi
963 3437 1082 3499 tuenda
1091 3442 1141 3497 eat
