2378 3856
165 186 227 252 110
455 185 486 243 l.
507 180 654 242 ΑΝΝΑΕΙ
675 176 853 243 SENECAE

164 356 225 400 non
241 337 358 413 gloriae
371 351 498 409 memor,
519 352 580 396 non
603 335 745 395 infamiae
760 344 908 410 metuens,
930 336 1145 401 ineureudabi

164 424 211 498 lis,
226 438 294 482 cum
309 435 348 479 cx
362 419 407 479 ira
421 420 451 478 in
467 419 570 480 odium
585 419 738 480 obcalluit.

136 519 145 568 t
231 503 318 564 XLll.
343 504 506 563 cuminus
527 502 587 563 lroc
607 503 688 563 malo
709 516 939 578 purgemusque
960 512 1146 567 mentemst

164 589 370 662 exstirpemus
383 586 539 660 radicitus,
556 601 637 661 quoe
652 584 792 659 quamvis
808 586 912 647 tenuia
924 587 1146 665 undecumque

164 672 327 742 haeserint,
344 678 550 731 renascentur.
586 677 617 729 et
630 668 704 728 iram
719 685 781 729 non
796 677 1017 747 temperemus,
1033 672 1095 733 sed
1108 688 1144 735 ea

164 765 227 817 toto
242 770 465 816 removeamus.
494 753 579 828 quod
600 753 680 813 enim
694 752 792 813 malae
806 753 850 813 rei
868 761 1144 829 temperamentum

133 846 232 902 aest?
246 838 412 914 poterimus
425 843 534 908 autem,
549 835 721 896 adnitamur
731 836 834 898 modo.
863 836 925 897 Nec
938 820 1003 898 ulla
1018 854 1075 901 res
1084 854 1133 899 raa

165 923 212 998 gis
229 922 365 998 proderit
379 935 471 995 qnam
486 918 629 994 cogitatio
644 919 844 980 mortaiitatis.
874 920 932 981 sibi
948 919 1090 997 quisque
1102 930 1143 983 st-

166 1022 226 1081 qne
239 1005 325 1064 alteri
340 1003 435 1063 dicat=
464 1001 542 1077 Quid
563 1003 646 1063 iuvat
660 1009 813 1077 tamquam
828 1005 858 1062 in
879 1010 1042 1065 aeternum
1061 1007 1142 1081 geni·

165 1098 213 1150 tos
229 1090 291 1147 iras
305 1085 440 1147 indicere
454 1092 486 1145 et
497 1084 710 1147 brevissimam
723 1092 852 1147 aemtem
866 1086 1048 1163 duslparer
1071 1089 1143 1166 quid

165 1174 247 1232 iuvat
261 1171 336 1244 dies,
358 1186 437 1245 quos
452 1170 482 1230 in
497 1172 685 1245 voluptatem
699 1168 858 1231 honestam
878 1167 1053 1246 inpendere
1066 1172 1145 1245 licet,

165 1257 194 1315 in
216 1255 353 1317 dolorem
373 1254 501 1315 alieuius
522 1261 765 1328 tormentumque
784 1254 975 1314 transferret
1008 1270 1075 1317 nun
1094 1270 1141 1316 ca·

132 1350 150 1403 3
166 1341 250 1414 pinnt
262 1354 312 1398 res
328 1339 406 1398 istae
420 1339 566 1398 iacturam
586 1353 643 1397 nec
657 1344 779 1411 tempus
793 1344 884 1397 vacat
900 1338 1046 1412 perdere.
1065 1338 1142 1413 Quid

165 1425 280 1485 ruimus
303 1423 332 1481 in
356 1426 509 1496 pugnam?
539 1419 615 1496 quid
636 1421 800 1481 certamina
818 1418 908 1480 nobis
928 1423 1143 1483 arcessimus?

166 1504 240 1583 quid
263 1504 463 1565 inbecillitatis
484 1505 568 1564 obliti
592 1504 726 1579 ingentia
746 1504 817 1563 odia
838 1503 1030 1578 suscipimus
1051 1512 1084 1566 et
1104 1505 1143 1565 ad

166 1589 364 1664 frangendum
386 1587 509 1660 fragiles
525 1587 760 1661 consurgimust
786 1586 845 1646 iam
862 1587 937 1647 istas
957 1585 1140 1659 inimicitias,

167 1686 245 1747 quas
264 1668 438 1746 inplacabili
452 1671 587 1744 gerimus
601 1671 712 1741 animo,
729 1669 822 1731 febris
843 1676 896 1730 aut
914 1670 1046 1747 aliquod
1060 1672 1141 1734 aliud

166 1756 276 1827 inuium
297 1751 436 1829 corporis
453 1753 565 1813 vetabit
585 1754 659 1828 geri.
683 1754 742 1812 iam
763 1769 820 1827 par
841 1754 1026 1815 acerrimum
1043 1756 1142 1817 media

134 1854 249 1906 amors
265 1837 391 1898 dirimet.
427 1836 504 1911 Quid
519 1839 735 1897 tumultuamur
749 1843 781 1896 et
794 1837 886 1897 vitum
907 1837 1050 1900 seditiosi
1071 1853 1137 1900 con·

166 1920 343 1981 turbamus?
361 1927 420 1981 stat
434 1935 529 1994 supra
540 1928 632 1995 caput
646 1920 739 1981 latum
754 1927 785 1980 et
799 1919 956 1994 pereuntis
971 1920 1043 1984 dies
1056 1922 1136 1999 inpu-

166 2011 209 2065 tat
230 2004 420 2081 propiusque
440 2019 477 2064 ac
498 2003 626 2079 propius
648 2004 776 2065 accedit.
810 2002 892 2064 istud
913 2012 1038 2080 tempus
1060 2006 1141 2082 quod

167 2090 284 2149 alianae
299 2088 436 2148 destinas
451 2084 548 2159 morti,
564 2088 697 2148 fortasse
712 2085 794 2147 circa
808 2093 889 2148 tuam
904 2096 961 2149 est.
1080 2116 1097 2145 ι

136 2189 150 2239 1
227 2171 329 2233 XLlll.
352 2169 428 2245 Quin
439 2172 541 2247 potius
553 2171 644 2232 vitam
655 2171 779 2232 brevem
795 2171 912 2246 colligis
927 2172 1144 2249 placidamque

167 2264 197 2317 et
207 2256 260 2317 tibi
279 2264 309 2316 et
323 2253 434 2316 ceteris
452 2261 612 2330 praestast
632 2255 705 2332 quin
722 2254 823 2329 potius
839 2252 999 2315 amabilem
1014 2262 1056 2330 te,
1070 2256 1143 2317 dum

166 2342 254 2413 vivis,
277 2338 427 2413 omnibus,
450 2339 694 2412 desiderabilem,
716 2354 784 2399 oum
806 2339 989 2413 excesseris,
1010 2339 1148 2400 reddlst

167 2424 245 2498 Quid
259 2424 342 2485 illum
357 2424 445 2484 nimis
461 2437 500 2481 ex
515 2424 575 2483 alto
589 2430 689 2483 tecum
704 2428 842 2496 agentern
858 2421 1018 2483 detrahere
1034 2422 1149 2498 cupisr

168 2508 242 2581 quid
256 2501 340 2567 illum
356 2506 554 2566 oblatrantem
568 2505 631 2577 tibi,
653 2505 795 2565 humilem
815 2505 938 2579 quidem
959 2513 990 2566 et
1006 2514 1141 2567 contem·

168 2597 261 2662 ptum,
277 2589 334 2648 sed
349 2587 561 2660 superioribus
574 2588 693 2648 acidum
708 2603 744 2647 ac
759 2588 921 2648 molestum
934 2588 1142 2650 exterreravi-

166 2671 250 2731 ribus
265 2670 325 2730 tuis
340 2676 492 2745 temptast
519 2670 596 2744 Quid
614 2685 715 2742 servo,
732 2671 807 2745 quid
822 2671 955 2746 domino,
977 2672 1055 2748 quid
1067 2671 1143 2747 regi,

167 2755 242 2830 quid
262 2752 361 2814 clienti
386 2758 438 2813 tuo
461 2752 625 2813 irasceris‘t
652 2753 768 2814 sustine
794 2756 932 2829 paulum:
964 2757 1051 2817 venit
1070 2769 1149 2815 ecce

134 2846 152 2898 t
167 2855 250 2900 mors
266 2852 346 2914 quae
359 2851 417 2897 vos
434 2852 524 2913 pares
540 2836 640 2897 iaciat.
670 2836 785 2898 Videre
799 2839 936 2900 solemus
950 2839 1032 2900 inter
1045 2845 1142 2900 matu·

167 2923 230 2983 tina
243 2937 355 2983 arenae
370 2923 547 2997 spectacula
561 2921 638 2981 tauri
653 2928 683 2981 et
695 2921 760 2982 ursi
775 2936 908 2996 pugnam
923 2920 1003 2983 inter
1016 2938 1055 2984 se
1069 2936 1144 2984 con·

167 3008 341 3081 ligatorum,
365 3021 445 3081 quos
461 3019 530 3064 cum
546 3006 621 3065 alter
635 3005 760 3066 alterum
783 3005 914 3077 vexarit,
936 3021 1014 3066 suus
1038 3006 1144 3068 conle-

167 3096 232 3149 otor
239 3095 413 3163 exspectat:
425 3087 506 3146 idern
513 3086 650 3161 tacimus,
665 3087 796 3162 aliquem
807 3087 1151 3165 nobiscumadligatum·

168 3169 357 3243 lacessimus,
374 3185 442 3229 cum
458 3170 537 3229 victo
548 3169 720 3245 victorique
733 3170 803 3231 linis
819 3170 990 3246 etquidem
1003 3181 1152 3234 maturus-

166 3251 319 3313 inmineat.
349 3250 442 3326 quieti
457 3251 558 3325 potius
578 3254 740 3327 pacatique
761 3256 1075 3332 quantulumcumque
1093 3273 1144 3317 su·

167 3341 280 3412 perest,
297 3332 465 3408 exigamus.
495 3334 568 3394 nulli
588 3336 720 3396 cadaver
734 3344 872 3398 nostrum
886 3339 986 3400 iaceat
997 3336 1145 3400 invisum.

135 3420 269 3494 itSaepe
283 3418 379 3477 rixam
395 3418 615 3478 conclamatum
633 3419 663 3478 in
680 3420 780 3481 vicino
801 3420 975 3483 incendium
996 3422 1093 3484 solvit
1116 3428 1154 3482 et.
