2378 3856
163 200 228 265 176
346 202 379 262 L.
402 200 547 260 ANNAEl
573 200 749 260 SENECAE
773 200 875 262 olet.
894 200 943 259 ΙΧ.

164 356 252 431 ipsos
267 352 381 414 habere
401 351 485 427 quod
502 357 600 424 agant,
621 357 651 409 et
665 350 773 410 alienis
788 350 985 411 incrementis
1002 351 1144 413 inimicis·

163 438 241 499 sima
256 435 379 496 invidia.
412 434 464 495 alit
484 434 563 493 enim
586 433 713 493 livorem
735 432 840 493 infelix
859 433 969 495 inertie
987 443 1020 497 et
1038 450 1146 498 omnes

123 527 151 578 tt
162 522 277 583 destrui
294 520 429 594 cupiunt,
454 517 526 594 quia
541 533 576 578 se
591 532 652 576 non
672 524 801 592 potuere
814 516 999 592 provehere.
1027 534 1070 579 ex
1090 520 1147 581 bac

161 605 273 665 deinde
294 601 489 663 aversatione
509 600 678 661 alienorum
690 615 893 675 processuum
907 609 939 661 et
951 616 1081 664 suorum
1094 604 1145 664 de

162 689 339 763 speratione
355 685 534 746 obirascens
549 685 689 745 fortunae
709 683 828 745 animus
844 692 874 744 et
888 684 1050 748 desecare
1072 702 1146 763 que·

162 788 233 834 rens
248 779 278 830 ct
292 772 322 830 in
339 772 469 844 angulos
486 784 522 828 se
535 768 695 828 retrahens
710 776 741 828 et
759 783 879 842 poenae
893 768 1046 831 incubans
1061 786 1145 845 suae,

162 856 234 916 dum
248 856 331 915 illum
346 853 450 913 taedet
463 853 511 911 sui
523 853 677 928 pigetque.
702 859 810 911 natura
823 851 904 912 enlm
915 851 1074 915 humanus
1083 855 1145 915 aoi-

168 956 234 999 mus
252 938 340 1013 agilis
355 942 444 995 estet
458 950 576 1010 pronus
589 934 628 994 ad
644 943 756 995 motus.
784 944 871 1010 matu
886 937 986 998 omnis
1005 938 1050 997 illi
1065 938 1145 999 exci-

144 1021 250 1097 ,tandi
265 1036 300 1079 sc
311 1018 571 1093 abstrahendique
583 1017 709 1078 materia
722 1027 779 1093 est,
794 1019 910 1094 gratior
921 1019 1070 1096 pessimis
1080 1020 1145 1098 qui·

162 1105 285 1180 busque
298 1101 437 1176 ingeniis,
455 1118 534 1176 quae
549 1101 802 1178 occupationibus
817 1104 946 1165 libenter
959 1104 1145 1179 deteruntur,

162 1194 195 1247 ut
208 1189 312 1247 ulcera
324 1186 475 1262 quaedam
487 1187 643 1247 nocituras
653 1200 761 1246 manus
773 1187 922 1261 adpetunt
934 1196 965 1249 et
974 1195 1060 1250 tectu
1073 1204 1144 1265 goie

163 1272 236 1332 deot
250 1277 281 1330 et
296 1271 417 1332 foedam
431 1286 593 1346 corporum
609 1269 743 1330 scabiem
756 1270 895 1345 delectet,
912 1272 1062 1347 quicquid
1076 1288 1145 1333 exa-

122 1362 284 1430 llsperat=
308 1370 369 1415 non
385 1352 472 1413 aliter
487 1354 616 1414 dixerim
631 1353 680 1413 his
695 1353 856 1428 mentibus,
872 1355 902 1413 in
925 1370 1005 1431 ques
1028 1356 1144 1432 cupidi·

162 1446 241 1499 tates
258 1440 340 1498 velut
353 1440 431 1496 mala
447 1439 552 1497 ulcera
563 1444 737 1512 eruperunt,
760 1438 908 1512 voluptati
920 1454 994 1499 esse
1008 1439 1144 1500 laborem

164 1520 430 1595 vexationcmque.
461 1529 532 1581 sunt
554 1521 633 1580 enim
651 1521 810 1597 quaedam,
828 1537 909 1597 quae
929 1538 1048 1599 corpus
1069 1538 1144 1599 quo

164 1620 225 1680 que
240 1611 376 1664 nostrum
389 1619 457 1663 cum
471 1604 605 1677 quodam
621 1604 729 1665 dolore
743 1604 904 1680 delectent,
920 1613 954 1666 ut
967 1622 1098 1667 versare
1111 1621 1145 1667 se

164 1694 193 1748 et
207 1694 324 1748 mutare
341 1686 477 1748 nondum
495 1687 611 1747 lessum
627 1688 715 1761 latus,
732 1694 762 1747 et
776 1690 836 1749 alio
850 1697 943 1764 etque
964 1690 1027 1751 elio
1042 1690 1144 1765 positu

163 1772 312 1831 ventilari.
343 1770 443 1846 qualis
463 1770 513 1829 ille
527 1771 707 1831 Homericus
722 1770 859 1833 Achilles
880 1781 937 1847 est,
957 1774 1054 1836 modo
1075 1790 1143 1849 pro-

164 1871 232 1928 nus,
246 1854 339 1914 modo
356 1853 496 1928 supinus,
518 1854 547 1913 in
563 1855 666 1914 varios
680 1854 802 1916 babitus
818 1856 936 1932 seipse
950 1872 1144 1933 conponere,

165 1939 249 2012 quod
265 1938 421 2013 proprium
443 1938 526 2011 aegri
547 1946 603 2010 est,
626 1937 697 1997 nihil
720 1939 773 1999 dio
794 1939 856 2014 pati
877 1947 906 2001 et
927 1940 1145 2003 mutationibus

123 2024 197 2082 ltut
209 2021 354 2081 remediis
369 2020 422 2081 uti.
450 2021 525 2080 lode
543 2021 804 2096 peregrinationes
820 2023 1033 2099 suscipiuntur
1047 2039 1144 2101 vagae

135 2114 194 2168 aet
208 2104 296 2166 litora
311 2110 505 2180 pererrantur
519 2113 550 2165 et
563 2106 656 2166 modo
671 2105 745 2165 mari
760 2121 804 2179 se,
820 2108 913 2168 modo
928 2116 1010 2169 terra
1024 2108 1145 2184 experi-

163 2198 212 2249 tur
226 2204 350 2264 semper
364 2189 578 2264 praesentibns
594 2190 705 2250 intesta
716 2189 834 2250 levitas.
849 2190 935 2252 Nunc
946 2191 1144 2269 Campaniam

166 2281 315 2349 petamus.
351 2273 408 2333 iam
429 2272 561 2334 delicata
581 2272 704 2334 fastidio
725 2281 806 2334 sunt.
835 2275 947 2336 inculta
968 2276 1144 2337 videantur=

163 2356 297 2419 Bruttios
313 2364 344 2417 et
356 2356 509 2417 Lucaniae
529 2359 625 2418 saltus
646 2373 878 2433 persequamur.
907 2360 1024 2435 aliquid
1044 2366 1144 2420 tamen

164 2442 241 2500 inter
262 2441 384 2500 deserta
396 2441 516 2502 amoeni
534 2442 721 2518 iequiratur,
750 2443 779 2500 in
802 2459 865 2518 quo
891 2441 1043 2505 luxuriosi
1064 2443 1145 2505 oculi

164 2524 257 2596 longo
277 2525 414 2584 locorum
434 2523 620 2585 horrentium
642 2526 787 2600 squalore
807 2527 997 2587 releventur·
1032 2526 1142 2587 Taren-

164 2613 227 2664 tum
243 2612 363 2681 petatnr
378 2606 584 2682 laudatusque
596 2616 704 2683 portos
718 2615 749 2668 et
762 2608 889 2671 hiberna
904 2611 983 2671 coeti
997 2606 1145 2672 mitioris*

166 2689 249 2763 regio
270 2690 319 2748 vel
340 2689 484 2765 antiquae
511 2691 586 2752 setis
613 2673 777 2789 opulenta
777 2694 919 2754 turbae*
952 2692 1014 2755 iam
1040 2692 1142 2756 ilecto·

165 2789 233 2832 mus
257 2788 381 2833 cursum
404 2773 444 2833 ed
459 2774 575 2834 urbem.
604 2773 693 2835 nimis
715 2776 767 2836 diu
789 2793 808 2836 a
827 2779 940 2852 plausu
968 2785 999 2839 et
1022 2779 1145 2855 lragore

165 2873 255 2917 aures
278 2866 473 2918 vacaverunt.
503 2859 586 2920 iuvat
600 2860 659 2920 iam
684 2860 871 2922 ethumeno
898 2859 1050 2939 sanguine
1077 2861 1144 2923 imi.

128 2941 256 3001 tlAliud
277 2957 315 3001 ex
344 2942 403 3002 alio
424 2942 480 3001 iter
506 2943 671 3020 suscipitur
695 2951 725 3004 et
752 2947 929 3019 spectacula
957 2945 1144 3023 spectaculis

165 3031 326 3085 mutantur.
357 3032 391 3085 ut
406 3027 447 3085 ait
460 3027 635 3088 Lueretius:

370 3109 435 3170 Hoc
450 3127 482 3170 se
496 3114 618 3187 quisque
631 3114 716 3174 modo
729 3131 848 3210 semper
855 3113 949 3188 feroit.

166 3189 222 3249 scd
238 3188 311 3264 quid
327 3191 463 3265 prodest,
481 3194 507 3251 si
528 3210 588 3254 oon
605 3195 733 3270 effugiit
760 3195 900 3274 sequitur
916 3212 953 3257 se
965 3198 1038 3275 ipse
1051 3203 1084 3261 et
1095 3210 1145 3259 ur-

126 3279 216 3347 lbget
231 3271 432 3347 gravissimus
447 3290 562 3337 comes.
592 3279 698 3353 Itaque
713 3278 794 3342 scire
808 3280 958 3341 debemus
1036 3298 1053 3355 ,ι

165 3363 231 3416 ru'm
248 3357 351 3418 citium
366 3372 437 3418 esse
453 3375 514 3434 quo
529 3361 713 3438 laboramus,
729 3364 785 3425 sed
800 3371 938 3425 nrm·

166 3454 234 3501 rrius
248 3442 287 3501 ad
303 3457 392 3503 omne
413 3443 619 3520 tolerandum,
642 3462 699 3507 neo
717 3449 777 3511 lebt
