2378 3856
159 210 221 275 162
348 210 381 269 t.
402 208 548 269 ANNAEi
569 207 746 269 seducas
769 207 872 269 utut.
887 206 953 267 vti.

160 361 301 422 iniuriam
314 359 429 421 tacitis:
451 359 507 419 sed
521 374 560 418 ne
573 358 622 419 dis
637 358 761 434 quidem
774 358 806 418 iri
827 359 881 435 qui
899 374 972 420 aras
990 368 1147 423 evertunt.

161 446 217 507 sed
229 446 341 505 matum
354 442 546 518 propositum
557 441 686 517 adparet
695 441 1044 517 nanmqncccnmium
1054 444 1148 507 etiam

127 530 216 602 bibi,
241 527 292 589 ubi
314 542 427 587 nocere
446 541 508 585 uon
530 526 635 601 potuit
673 524 727 586 Sic
748 534 868 587 vestras
887 525 1147 591 hallucinationes

160 614 226 673 iero
253 609 511 686 quemadmodum
531 609 644 685 Iupiter
668 610 803 684 optimus
828 610 981 671 maximas
1010 612 1147 688 iucptias

161 704 328 771 poetarum,
351 710 483 770 quomm
501 692 580 753 atius
599 694 641 753 itti
661 694 728 753 atas
747 693 892 768 inposuit,
912 693 994 755 atius
1016 710 1146 771 cornua,

160 780 239 841 atius
253 780 424 840 aduiteram
440 777 522 837 itium
543 775 662 837 induxit
682 782 713 836 et
725 775 950 851 abnoctantem,
969 778 1054 840 aiios
1077 794 1144 841 sae-

160 880 231 924 vum
246 864 275 923 in
297 863 383 931 deos,
406 858 483 919 atius
504 857 641 935 iniquum
662 860 692 918 in
713 859 864 934 homines,
882 860 962 921 atius
983 868 1144 937 raptorum

160 951 361 1023 ingenuorum
372 950 582 1016 corruptorem
589 949 621 1002 et
626 951 824 1018 cognatorum
837 943 972 1019 quidem,
983 944 1144 1023 siiuspar·

160 1030 286 1090 ricidam
301 1035 332 1088 et
345 1026 431 1101 regni
446 1025 536 1085 alieni
546 1026 732 1101 paternique
744 1034 999 1103 expugnatorem.
1026 1030 1145 1105 quibus

161 1112 235 1173 nibil
248 1110 331 1172 atiud
345 1118 446 1171 actam
460 1116 516 1183 cst,
531 1125 624 1183 quam
642 1117 675 1170 ut
688 1111 788 1185 pudor
801 1111 975 1173 horninibus
991 1112 1143 1188 pecc-nm

130 1198 146 1251 7
161 1198 341 1267 demeretur,
356 1194 384 1255 si
395 1195 472 1256 tales
485 1192 564 1255 deos
576 1192 790 1255 credidissent.
805 1193 869 1255 Sed
879 1210 1072 1271 quamquam
1084 1196 1145 1259 inu

161 1294 210 1341 me
225 1278 297 1339 nihii
312 1279 444 1348 laedant,
467 1283 568 1336 restra
589 1292 645 1337 vos
660 1292 771 1338 moneo
786 1293 895 1339 causas
915 1279 1072 1355 nnspicito
1086 1281 1143 1341 vir·

161 1370 263 1425 tutem.
286 1361 401 1423 credite
416 1361 462 1430 iis,
482 1362 535 1435 qui
548 1360 631 1421 ittam
642 1361 694 1421 diu
708 1360 807 1421 secuti
826 1377 971 1438 magnum
993 1364 1141 1438 quiddam

162 1450 249 1524 ipsos
265 1455 296 1508 et
311 1445 396 1521 quod
409 1446 440 1503 in
461 1444 529 1505 dies
543 1443 642 1504 maius
662 1444 819 1520 adpareat,
838 1446 929 1521 sequi
948 1448 1094 1522 rimi,
1112 1456 1143 1508 et

162 1532 261 1605 ipsam
276 1536 309 1588 ut
329 1530 415 1600 deos,
431 1535 462 1588 et
476 1528 671 1601 professores
685 1527 753 1588 eius
767 1536 802 1588 ut
816 1527 967 1590 antistites
981 1532 1089 1592 colite.
1112 1540 1143 1593 et

163 1614 304 1689 quotiens
318 1611 432 1671 mentio
452 1625 542 1671 socra
556 1612 732 1690 [literarum]
747 1612 950 1686 intervenerit,
965 1614 1071 1677 tasneto
1090 1615 1141 1675 tio·

162 1697 240 1772 guis.
262 1696 323 1757 hoe
344 1693 468 1755 verbum
490 1709 560 1766 non,
576 1700 610 1754 ut
630 1694 771 1770 piarique
791 1696 974 1772 existimant,
995 1714 1016 1759 a
1037 1700 1142 1759 tavers

162 1780 297 1853 trahitur,
312 1778 369 1841 sed
384 1779 549 1852 imperatur
563 1776 725 1851 sitentium,
739 1785 773 1839 ut
784 1778 842 1839 rite
856 1780 962 1856 peragi
977 1784 1082 1857 possit
1093 1798 1140 1843 sa

164 1879 247 1924 crum
263 1862 346 1924 uuita
360 1874 438 1924 voce
448 1862 528 1921 mata
542 1861 749 1937 obstrepente.
768 1864 854 1937 quod
868 1866 963 1926 mutto
974 1867 1078 1942 masis
1090 1882 1135 1927 ae·

164 1946 332 2007 cessarium
345 1952 394 2006 est
407 1944 548 2018 imperari
564 1943 663 2016 vobis,
683 1954 715 2006 ut
733 1946 876 2021 quotiens
896 1948 1015 2024 aliquid
1037 1964 1079 2011 ex
1090 1950 1141 2011 iim

163 2030 335 2106 proteratur
358 2029 498 2099 oraculo,
526 2028 632 2089 intenti
656 2037 687 2089 at
706 2045 878 2105 conpressa
899 2046 978 2093 voce
998 2032 1140 2095 audiaba

131 2120 148 2173 θ
164 2114 237 2174 Cum
252 2113 374 2173 sistrum
389 2112 500 2188 aliquis
515 2112 695 2173 concutiens
708 2128 749 2173 ex
762 2112 890 2188 imparia
905 2117 1060 2191 mentitur,
1075 2132 1142 2179 cum

163 2198 275 2273 aliquis
289 2197 416 2257 secandi
429 2198 561 2257 lacertos
575 2211 651 2257 suos
665 2197 777 2257 artifex
789 2197 915 2258 bracbia
928 2207 1024 2274 atque
1038 2200 1141 2262 hume

163 2297 216 2343 ros
231 2296 385 2356 suspensa
398 2296 490 2341 manu
503 2286 650 2352 cruentat
672 2295 742 2341 cum
756 2279 868 2356 aliquis
880 2282 1014 2356 genibus
1029 2300 1087 2361 per
1098 2282 1142 2343 vi·

163 2381 212 2425 am
226 2378 339 2440 repens
352 2365 449 2425 ululat
462 2365 641 2438 taurumque
660 2364 802 2424 linteatus
817 2380 917 2425 senex
930 2372 961 2426 et
979 2368 1085 2429 medio
1098 2368 1141 2429 iu·

165 2464 286 2509 cernam
301 2447 353 2509 die
369 2448 544 2522 praeterens
559 2448 729 2509 conclamat
739 2448 848 2509 iratum
859 2450 1141 2525 aliquamdeortan,

165 2531 344 2593 concurritis
364 2538 395 2591 et
412 2530 522 2591 audiu's
535 2537 567 2589 et
586 2530 722 2591 divinum
742 2546 814 2593 asse
826 2548 905 2607 aum,
923 2534 1058 2595 invicem
1079 2550 1142 2597 mu-

164 2622 247 2675 tuum
265 2615 383 2673 aientes
396 2619 562 2688 stuporem,
578 2613 757 2675 adfirmatis.

137 2710 151 2762 l
245 2696 366 2757 xxvtl.
389 2695 468 2757 Ecce
480 2695 622 2757 Socrates
632 2712 671 2757 ex
686 2698 738 2757 itio
747 2712 881 2771 carcere,
897 2714 991 2775 queas
1000 2700 1142 2763 intrando

165 2780 305 2855 purgavit
319 2780 463 2854 omnique
477 2779 681 2841 honestiorem
696 2783 780 2841 curia
794 2780 935 2857 reddidit,
958 2786 1142 2858 proctamat=

164 2863 291 2939 „„Quis
311 2864 368 2925 iste
388 2864 493 2925 iurort
521 2880 600 2940 quae
615 2866 675 2926 ista
693 2865 815 2926 inimica
836 2866 884 2927 dis
904 2866 1142 2944 hominibusque

164 2954 272 3010 natura
286 2955 334 3011 est
347 2947 494 3009 infamare
510 2947 634 3011 virtutes
650 2957 680 3010 et
693 2949 834 3024 malignis
855 2950 1052 3015 sermonibus
1071 2966 1142 3013 aaa·

165 3040 212 3092 cta
228 3033 364 3093 violaret
382 3033 408 3093 si
424 3035 563 3106 potestis,
577 3033 824 3095 bonoslaudates
839 3030 990 3109 siminus,
1004 3034 1142 3097 transite.

165 3115 247 3189 quod
270 3117 297 3176 si
313 3114 402 3176 vobis
417 3132 562 3178 exercere
581 3123 687 3177 tetram
701 3117 790 3177 istam
804 3117 955 3179 licentiam
969 3118 1082 3193 piacet,
1100 3118 1143 3178 at·
1167 3170 1170 3177 .

165 3207 210 3258 ter
226 3198 255 3257 in
270 3200 395 3259 atterum
418 3200 602 3262 incursitate.
631 3215 701 3259 nam
716 3216 784 3261 euru
806 3199 835 3259 in
850 3203 970 3261 coetum
992 3201 1143 3275 insaritis,

136 3292 224 3342 anon
241 3280 311 3343 dico
327 3283 516 3356 sacrilegium
531 3281 638 3353 tacitis,
660 3283 717 3344 sed
733 3300 858 3358 operam
879 3284 1016 3359 perditis
1052 3285 1142 3345 Pras·

164 3364 216 3426 bui
236 3381 295 3440 ego
318 3365 486 3439 aliquando
501 3365 698 3440 aristophani
718 3368 873 3428 materiam
893 3368 1044 3432 iocorum.
1081 3376 1144 3431 tnta

165 3450 215 3508 itia
236 3447 422 3509 comicorum
442 3456 599 3521 poetarum
620 3466 727 3511 manus
747 3450 778 3512 iu
800 3466 847 3511 me
868 3458 1039 3513 venenatos
1060 3454 1143 3513 ssies
