2378 3856
167 184 228 251 iol
341 186 375 245 l.
397 184 543 245 aduam
562 182 739 243 seducas
759 182 862 243 nini.
885 182 953 241 vll.

166 335 235 399 istis
248 332 339 395 nimis
354 332 442 393 dives
458 329 604 402 videatur,
626 331 738 406 quibus
753 331 925 395 Demetrius
939 332 1083 415 cynicus
1098 350 1146 409 pa·

167 435 233 481 rum
254 431 372 492 pauper
387 422 455 477 esti
475 415 573 477 urum
593 416 774 479 aeoenmum
794 422 825 474 et
844 422 953 475 contra
975 418 1085 477 omnia
1099 434 1145 479 na·

167 510 252 565 turae
267 499 420 561 desideria
434 505 628 574 pugnantem,
650 498 711 559 boo
725 496 941 573 pauperiorem
955 496 1056 575 quam
1071 508 1146 563 eete-

166 601 220 647 ros
234 584 378 661 cunioas,
393 582 487 659 quod,
502 598 571 643 oum
583 582 641 642 sibl
653 581 841 642 interdixerit
851 579 977 656 bbere,
993 583 1147 645 interdixit

167 675 198 729 et
211 683 352 745 poscere,
367 673 480 742 ouant
494 665 570 727 satis
591 680 692 740 egere
712 664 803 725 vides
820 664 924 725 enimi
945 680 1012 727 non
1029 668 1145 731 rimatis

167 752 333 827 seientiam,
350 751 406 813 sed
420 748 565 827 egestatis
578 750 740 824 protessus
755 756 811 809 ott

136 834 149 885 1
228 836 305 897 XIX.
327 834 509 903 Diodorum,
530 832 715 907 Epicureum
736 830 972 907 philosophum,
996 834 1052 910 qui
1073 834 1146 895 intro

168 936 285 995 pausos
300 919 367 980 dies
381 917 474 979 linem
487 916 569 975 vitae
584 931 659 975 enee
675 932 768 975 manu
781 932 839 977 sua
859 915 1015 991 inposuit,
1035 926 1144 999 nogant

167 1020 205 1065 ex
220 1003 344 1063 decreto
365 1000 489 1074 Epleurl
509 1000 630 1073 loelsee,
651 1000 736 1073 quod
757 999 815 1059 sibi
834 1000 936 1074 quiam
957 1002 1143 1074 pmeseeoit.

166 1086 215 1147 alil
231 1085 412 1145 dementiam
428 1082 523 1145 videri
539 1084 645 1143 volunt
659 1084 772 1143 iaotum
786 1083 845 1142 hoe
859 1078 937 1157 eius,
958 1082 1013 1143 alil
1027 1086 1143 1145 temeri·

166 1177 272 1230 lateant
293 1168 343 1229 ilie
354 1166 472 1229 interim
486 1166 596 1229 beatus
609 1182 646 1226 ae
658 1167 767 1243 plenus
777 1165 860 1229 bont
871 1168 1067 1229 ooneoientie
1080 1169 1143 1229 tetl-

166 1252 242 1314 didit
255 1250 313 1315 sibi
334 1251 539 1314 testimouium
559 1251 622 1311 vita
642 1251 798 1311 excedens
816 1249 1018 1326 laudavitque
1037 1252 1142 1313 aetatis

165 1337 195 1397 iu
213 1342 303 1412 portu
317 1344 348 1397 et
361 1336 402 1397 ad
419 1341 666 1397 antonomasiae
684 1333 817 1409 quietem
833 1340 863 1392 et
877 1334 963 1407 dixit,
981 1336 1070 1409 qaod
1092 1352 1142 1396 vos

165 1420 248 1483 iuviti
263 1418 401 1493 audistis,
416 1419 506 1495 quusi
520 1417 609 1480 vobis
625 1432 750 1493 quoquo
764 1417 936 1481 laciendum
950 1419 1008 1478 site

289 1505 360 1563 Vtar·
373 1509 404 1565 et
414 1520 499 1577 quent
513 1504 639 1563 dederat
649 1518 770 1562 aetum
776 1501 904 1575 [ortum
912 1506 1031 1577 penpt.

134 1585 211 1647 tlte
225 1585 349 1649 alteriue
363 1585 434 1659 vita,
449 1586 488 1647 de
501 1586 625 1647 alterium
640 1592 737 1646 morte
747 1584 911 1661 disputatis
927 1592 960 1647 et
976 1586 1018 1646 ed
1033 1600 1141 1647 nomen

165 1684 344 1743 magnorum
358 1667 398 1730 ob
415 1668 548 1743 aliquam
562 1669 702 1728 eximiam
717 1669 837 1729 laudem
848 1668 994 1742 virorum,
1008 1670 1093 1731 sieut
1107 1670 1141 1731 ad

165 1768 328 1817 adsumunt
343 1754 514 1826 ignotorum
529 1750 685 1812 bominum
700 1753 805 1813 minuti
821 1766 923 1825 onnes,
937 1752 1071 1815 latratis.
1093 1768 1140 1813 ex·

165 1837 250 1911 pedit
259 1835 340 1897 enirn
351 1834 439 1895 vobis
451 1834 603 1895 neminem
617 1836 713 1895 videri
724 1834 849 1909 bonam,
863 1832 954 1910 quasi
969 1835 1075 1897 aliena
1087 1838 1141 1897 vir·

165 1928 214 1981 tus
228 1917 425 1993 exprobratio
440 1919 617 1979 delietorum
634 1919 767 1981 omnium
782 1920 831 1980 sit.
863 1916 962 1978 invidi
979 1920 1141 1995 splendida

166 2019 235 2065 oum
251 2002 394 2065 sordibus
409 2005 520 2063 vestris
535 2004 682 2063 eorriertis
700 2018 757 2062 nee
772 2003 954 2077 intellegitis,
977 2012 1095 2079 quanto
1114 2004 1141 2064 ld

165 2093 268 2149 vestro
283 2085 462 2149 detrimento
477 2087 624 2148 audeatis.
654 2103 723 2147 nam
738 2087 765 2148 si
785 2085 836 2157 liii,
857 2086 910 2161 qul
932 2085 1078 2148 virtutem
1097 2102 1140 2148 se

166 2178 312 2246 quantur,
332 2171 430 2244 avari,
451 2171 619 2244 libidinosi,
641 2170 857 2246 ambitiosique
878 2176 966 2242 sant,
990 2170 1068 2247 quid
1088 2186 1140 2232 vos

132 2255 253 2327 sestis,
277 2254 387 2331 qtaibos
409 2256 510 2330 ipsum
529 2271 640 2317 namen
667 2254 784 2315 virtutis
811 2252 883 2317 odio
904 2259 975 2315 esti
1019 2254 1140 2337 Negatis

166 2354 350 2416 quemquam
369 2348 540 2414 praestare,
562 2354 643 2414 quae
662 2338 824 2412 eloquitur,
846 2352 904 2397 nee
924 2337 966 2397 ad
984 2338 1140 2415 exemplar

165 2423 311 2487 orationis
325 2437 403 2485 suae
416 2425 535 2485 viveret
561 2422 635 2498 quid
650 2423 766 2494 miram,
783 2438 851 2482 com
863 2422 1034 2495 loquantur
1048 2422 1138 2493 todia,

164 2506 311 2579 ingentia,
344 2506 443 2567 amnis
470 2506 618 2569 humanus
638 2513 834 2580 tempestates
855 2504 1044 2565 evadentiet
1076 2518 1139 2567 eura

163 2588 292 2661 reagere
307 2602 343 2647 se
362 2588 505 2649 erudbas
524 2595 680 2661 eoneatur,
701 2589 730 2647 in
748 2604 827 2664 quas
852 2589 1074 2664 unusquisqne
1093 2602 1138 2647 ve

164 2677 258 2731 strum
275 2669 380 2731 clatros
394 2685 471 2731 suos
485 2670 553 2743 ipse
564 2671 663 2731 adioit.
697 2672 737 2731 ad
753 2671 938 2747 supplitium
959 2677 1064 2735 umen
1086 2670 1139 2733 oali

163 2751 317 2827 stipitibus
331 2753 460 2827 singulis
476 2755 626 2827 pendente
647 2754 687 2828 ni,
704 2755 800 2830 quiin
816 2770 852 2816 se
864 2753 927 2830 ipsi
938 2756 1076 2817 aularum
1090 2754 1142 2815 nd=

145 2841 292 2909 ,venunt
308 2845 383 2911 quat
397 2837 612 2912 cupiditatibus
630 2845 674 2900 tot
693 2839 836 2900 aradibus
851 2837 1074 2913 distrabantur,
1091 2843 1139 2899 aat

163 2920 301 2983 maledici
315 2920 345 2985 in
363 2921 492 2985 dunum
507 2923 718 2986 contumeliam
733 2923 856 2984 venusti
871 2929 951 2983 sunt.
983 2922 1139 2985 medem

163 3003 221 3065 illis
236 3004 296 3067 boo
311 3022 430 3078 saeue
447 3007 504 3068 nisi
521 3009 644 3083 quidem
660 3024 699 3068 eu
711 3007 846 3081 patibulo
859 3022 936 3071 euos
948 3012 1139 3081 spectatores

163 3095 377 3158 conspuerent.

132 3172 147 3225 1
225 3165 287 3227 xit
328 3168 415 3238 „Non
441 3179 599 3242 praestant
629 3170 806 3248 philosophi
836 3186 917 3246 quae
942 3170 1140 3246 loquuntur-‘⁸
1184 3184 1187 3189 ·

161 3248 287 3311 Multum
309 3253 408 3311 tamen
426 3257 583 3323 praestant
600 3253 684 3327 quod
704 3256 884 3330 loquuntur,
905 3255 992 3330 quad
1010 3246 1152 3317 oooeei'

163 3340 262 3401 menie
276 3330 466 3409 oorloiplnnta
487 3336 600 3393 utinam
616 3334 740 3408 quidem
754 3339 806 3410 [si]
821 3344 852 3398 ei
866 3337 955 3413 patio·
966 3338 1060 3401 dietis
1071 3354 1140 3415 ogo·

161 3426 241 3479 rent!
267 3416 340 3493 quial
355 3423 439 3479 esset
452 3414 511 3476 iilis
525 3415 663 3477 bestiast
685 3418 802 3480 interim
822 3436 884 3482 non
902 3422 1053 3497 estquod
1067 3438 1139 3485 oan-
