2378 3856
163 208 224 272 loe
448 206 481 265 E.
504 202 847 265 munusculum

162 360 190 421 si
204 359 360 420 derideres
376 356 509 417 carmina
523 354 601 428 eius,
625 353 764 413 inimicus
779 359 871 413 esset
912 350 962 411 vis
981 358 1018 413 tu
1039 366 1145 433 aequo

162 443 264 503 animo
284 439 347 516 pati
362 439 542 500 candidatus
557 434 725 511 suffragine

132 551 145 601 1
231 523 393 585 XXXVlll.
423 522 639 583 Contumeliam
659 519 713 579 tibi
733 518 805 579 iecit
824 518 952 593 aliquisz
988 520 1145 597 numquid

162 609 307 669 maiorem
328 622 420 683 quarn
439 605 568 681 Diogeni
588 600 774 679 philosopho
795 599 923 663 Stoicot
957 603 1010 663 cui
1036 604 1079 665 dc
1098 604 1147 665 ira

163 707 231 752 cum
246 691 377 751 maxime
391 688 553 751 disserenti
564 687 747 748 adulescens
762 692 926 759 protervus
940 686 1073 763 inspuit
1095 695 1145 751 tu·

163 775 196 836 lrt
209 774 269 835 boc
283 777 334 836 rlle
349 773 457 833 leniter
469 779 500 833 et
514 771 677 847 sapienter.
708 784 790 842 „non
807 767 940 843 quidem,
955 770 1069 847 inquit,
1083 771 1142 833 ira·

130 868 243 932 uscor,
258 859 316 919 sed
328 857 433 917 dubito
448 862 558 929 mmen,
573 870 611 914 an
626 853 718 913 irasci
734 856 904 927 oporteat“
928 851 1054 926 Quanto
1069 854 1142 917 cato

162 950 269 1004 noster
281 941 412 1000 meliust
438 939 499 1013 qui,
519 954 589 998 cum
603 936 705 1011 agenti
724 950 849 995 causam
870 932 901 993 in
922 936 1060 999 frontem
1079 954 1141 999 me

163 1026 244 1085 diam
260 1030 406 1098 quantum
427 1028 547 1096 poterat
565 1020 706 1079 adtracta
724 1017 829 1094 pingui
849 1019 948 1079 saliva
968 1018 1142 1096 inspuisset

161 1108 308 1167 Lentulus
322 1107 381 1177 ille,
404 1113 523 1180 patrum
538 1111 712 1165 nostrorum
727 1099 873 1161 memoria
885 1101 1037 1165 factiosus
1051 1113 1085 1167 et
1096 1106 1141 1165 in·

164 1199 284 1265 potens,
299 1189 443 1251 abstersit
458 1189 564 1249 laciem
581 1196 627 1248 etz
657 1184 846 1260 „alurmabq
861 1183 972 1261 iuquit,
985 1188 1141 1261 omuibus,

164 1275 298 1347 Lentule,
313 1274 376 1333 ialli
390 1289 446 1335 eos
462 1273 513 1347 qui
529 1280 558 1332 te
572 1277 685 1345 negant
699 1285 735 1329 os
749 1267 892 1328 habere.“

134 1374 145 1424 r
225 1358 357 1418 XXXIX.
380 1357 511 1430 Contigit
524 1357 584 1415 iam
598 1354 697 1426 nobis,
711 1353 837 1423 Novate,
859 1352 938 1413 bene
959 1368 1142 1430 conponere

164 1443 306 1502 animum.
334 1447 386 1500 aut
405 1456 466 1499 non
480 1441 573 1515 sentit
591 1437 779 1499 iracundiam
794 1444 846 1498 aut
858 1435 1004 1514 superior
1017 1445 1083 1502 csta
1096 1438 1140 1497 vi-

164 1527 291 1583 deamus
313 1523 508 1599 quomodo
538 1523 702 1582 alienam
729 1521 823 1581 iram
843 1521 1055 1585 leniamus=
1082 1538 1140 1585 nec

164 1607 244 1667 enim
252 1608 318 1666 sani
330 1613 523 1666 essetantum
536 1606 686 1679 volumuS,
701 1604 758 1664 sed
769 1620 889 1665 sanare.

132 1702 149 1751 a
222 1689 352 1749 Primam
367 1689 443 1749 iram
454 1705 516 1748 non
530 1689 708 1748 audebimus
723 1687 860 1748 oratione
873 1689 1026 1750 mulceret
1047 1690 1141 1753 surda

165 1770 1140 1845 cstetamens.dabimusillispatium.remediainremissiuuibus

165 1863 305 1929 prosunt
333 1871 391 1915 nec
404 1855 512 1915 oculos
524 1852 666 1914 tumentis
680 1854 904 1929 temptabimus
917 1856 979 1916 nim
989 1855 1140 1931 rigentem

165 1936 492 2011 movenduincitaturi,
514 1952 571 1998 nec
585 1945 688 1999 cetera
706 1938 788 2011 vitia,
809 1938 880 2015 durq
893 1939 1022 2000 servent
1057 1940 1142 2001 initia

132 2020 537 2096 amorborumquiescurat
557 2021 768 2095 „Quantulum²
783 2021 894 2096 inquis,
906 2023 1140 2096 prodestrame·

166 2105 352 2179 diumtuum,
372 2104 399 2165 si
420 2121 477 2166 sua
488 2113 600 2181 sponte
612 2106 800 2165 desinentem
818 2105 891 2164 iram
899 2107 1050 2179 ριιιοιιιιιι
1077 2106 1140 2167 Pri·

165 2205 255 2263 mum,
270 2196 304 2249 ut
313 2187 402 2249 citius
411 2189 538 2262 desinat,
553 2189 655 2250 elficit.
676 2188 788 2251 deinde
803 2189 944 2263 custodit,
959 2205 1000 2249 ne
1011 2191 1140 2251 recidat

164 2274 267 2348 lpsum
282 2288 407 2348 quoque
418 2272 563 2348 inpetum,
582 2288 671 2346 quem
684 2289 745 2333 non
759 2271 851 2332 audet
862 2269 966 2346 lenire,
978 2272 1078 2334 fallet:
1092 2288 1140 2333 re

116 2414 126 2423 ,
164 2357 299 2419 movebit
309 2354 753 2420 omniaultionisinstrumcnta.
769 2354 1012 2430 simulabitiram,
1025 2364 1140 2419 uttam·

166 2457 257 2514 quam
264 2440 384 2501 adiutor
399 2447 430 2500 et
443 2439 557 2501 doloris
572 2454 677 2499 comes
684 2439 754 2514 plus
762 2438 946 2499 auctoritatis
957 2437 989 2499 in
1000 2438 1141 2501 consiliis

164 2522 284 2583 habeat.
312 2538 415 2585 moras
431 2530 547 2594 nectet,
570 2531 602 2581 et
615 2522 688 2583 dum
699 2524 843 2582 maiorem
863 2524 996 2597 poenam
1010 2521 1141 2599 quaerit,

132 2612 150 2662 4
164 2612 356 2678 praesentem
372 2603 500 2665 differet.
533 2603 615 2664 omni
629 2613 693 2664 arte
708 2602 844 2680 requiem
859 2606 954 2667 iuron'
969 2604 1065 2681 dabit.
1107 2605 1142 2669 st

164 2687 374 2747 vehementior
388 2686 452 2761 erit,
468 2697 520 2748 aut
536 2688 683 2762 pudorem
702 2687 745 2748 illi
760 2704 816 2748 cur
830 2705 891 2749 non
905 2689 1039 2763 resistat,
1054 2690 1141 2751 inuu-

164 2770 218 2830 tiet
231 2777 283 2830 aut
295 2778 417 2830 metum.
448 2772 474 2831 si
490 2769 646 2844 infirmior,
667 2786 825 2832 sermones
845 2770 955 2833 inferet
966 2773 1019 2832 vel
1032 2780 1141 2848 gratos

164 2854 214 2914 vel
227 2870 326 2915 novos
342 2861 372 2916 et
385 2855 550 2930 cupiditate
566 2855 773 2930 cognoscendi
794 2855 943 2916 avocabit.
984 2854 1142 2919 Medicum

164 2938 256 3014 aiunt,
272 2955 341 2998 cum
355 2939 437 3013 regis
451 2940 544 2999 liliam
560 2955 666 3001 curare
679 2938 804 3000 deberet
814 2954 871 3000 nec
885 2939 953 2999 sine
966 2940 1052 3001 ierro
1066 2955 1141 3015 pos·

165 3027 226 3095 set,
252 3023 325 3083 dum
346 3030 510 3083 tumentem
529 3039 689 3083 mammam
710 3024 818 3082 leniter
834 3024 926 3095 lovel,
956 3022 1142 3099 scalpellum

165 3104 296 3176 spongia
316 3112 427 3165 tectum
447 3106 618 3166 induxisse.
656 3113 860 3180 repugnasset
878 3106 982 3180 puella
1000 3107 1142 3168 remedio

160 3185 265 3258 palam
280 3187 413 3246 admoto.
439 3189 554 3260 eadem,
572 3188 714 3262 quianon
725 3188 924 3265 exspectavit,
939 3189 1080 3251 dolorem
1094 3198 1143 3252 tu·

164 3268 205 3327 lit.
237 3267 393 3342 Quaedam
407 3286 469 3330 non
484 3269 543 3329 nisi
559 3271 688 3345 decepta
704 3281 859 3334 sanantur.
972 3284 975 3289 ’

134 3362 148 3410 1
224 3350 286 3413 XL.
307 3351 403 3411 Alteri
418 3351 518 3412 dices:
542 3354 631 3427 „vide
645 3369 684 3413 nc
698 3354 828 3416 inimicis
839 3355 1002 3417 iracundia
1015 3362 1073 3417 tua
1086 3374 1142 3423 vo·

165 3435 271 3511 luptati
285 3434 355 3495 sit“
383 3433 483 3496 alteri:
504 3436 596 3510 „vide
611 3453 649 3497 ne
668 3438 842 3512 magnitudo
865 3438 956 3500 animi
976 3436 1020 3501 tui
1041 3440 1143 3503 eredi-
