2378 3854
121 183 163 245 54
411 181 444 239 L.
467 181 613 240 ANNAEI
636 180 811 241 SENECAE

124 349 261 410 surgere.
286 349 355 392 narn
376 339 407 392 et
422 332 452 392 in
469 348 599 407 corpore
614 340 719 394 nostro
736 348 810 394 ossa
824 332 974 411 nervique
988 344 1019 397 et
1033 337 1103 398 arti·

122 419 197 490 culi,
218 418 406 476 firmamenta
424 416 516 476 totius
536 424 566 477 et
586 415 703 491 vitalis,
724 416 846 478 minime
866 418 1012 493 speciosa
1026 419 1119 495 visu..

121 502 206 577 prius
219 499 405 562 ordinantur.
427 499 538 560 deiude
552 499 638 574 haec,
654 515 693 560 ex
709 500 819 575 quibus
834 501 933 562 omnis
948 503 979 562 in
995 504 1102 564 faciem

122 586 364 659 adspectumque
385 583 478 643 decor
500 590 556 643 est.
587 584 756 659 posthaec
778 585 880 646 omnia
899 586 952 661 qui
972 586 1102 648 maxime

123 668 230 729 oculos
245 668 332 743 rapit,
349 667 442 742 color,
457 667 579 728 ultimus
592 668 727 741 perlecto
743 668 801 727 iarn
817 683 949 744 corpore
959 670 1101 753 adfundi·

92 755 178 813 dtur.
206 752 285 810 lram
307 751 379 827 quin
401 751 523 826 species
546 750 648 811 oblata
667 749 795 811 iniuriae
814 760 950 828 moveat,
971 769 1034 815 non
1056 762 1102 816 est

121 835 261 895 dubium:
288 835 344 894 sed
369 840 470 895 utrum
496 834 632 909 speciem
655 834 755 909 ipsam
780 833 882 896 statim
905 843 1054 912 sequatur
1072 845 1102 898 ct

120 936 182 980 non
206 918 372 978 accedente
392 917 492 977 animo
514 926 669 992 excurrat,
692 935 731 977 an
751 916 803 980 illo
826 919 1018 982 adsentiente
1039 938 1100 983 mo·

92 1009 227 1061 sucatur
242 999 427 1077 quaerimus.
448 999 543 1062 Nobis
558 1000 659 1074 placet
673 1001 746 1061 nihil
760 1002 841 1063 illam
856 1017 912 1078 per
926 1018 961 1064 se
977 1004 1099 1078 audere,

122 1086 179 1145 sed
193 1085 293 1145 animo
309 1083 509 1158 adprobante.
538 1100 607 1144 narn
622 1086 758 1159 speciem
773 1101 884 1162 capere
898 1090 1045 1163 acceptae
1058 1089 1101 1149 in·

7 1165 8 1168 ’
120 1169 216 1229 iuriae
231 1175 261 1228 et
273 1169 419 1229 ultionem
434 1169 501 1230 eius
518 1169 739 1244 concupiscere
754 1176 961 1245 etuuumque
976 1171 1102 1233 oeniun·¹

120 1267 210 1328 gere,
232 1268 290 1313 nec
308 1253 389 1312 laedi
405 1267 439 1313 se
454 1252 601 1313 debuisse
613 1253 646 1313 et
659 1251 807 1314 vindicari
822 1253 950 1328 debere,
972 1272 1034 1317 non
1055 1262 1101 1316 est

91 1336 185 1399 seius
206 1335 344 1412 inpetus,
372 1335 424 1411 qui
445 1337 511 1396 sine
530 1338 686 1398 vuluntate
705 1343 811 1397 nostra
833 1337 1011 1399 concitatur.
1048 1339 1101 1399 ille

120 1420 250 1495 simplex
272 1428 332 1481 est:
354 1420 404 1480 hic
419 1420 598 1495 conpositus
614 1428 644 1481 et
658 1422 745 1495 plura
760 1421 929 1481 continens.
950 1421 1101 1484 intellexit

119 1503 249 1577 aliquid,
272 1503 444 1578 indignatus
466 1512 529 1577 est,
550 1505 719 1578 damnavit,
741 1503 912 1564 ulcisciturr
939 1504 1017 1566 haec
1037 1521 1097 1567 non

119 1593 251 1661 possunt
272 1587 354 1660 fieri,
374 1586 433 1645 nisi
454 1585 573 1649 animus
594 1588 639 1647 eis
662 1588 774 1662 quibus
788 1588 968 1663 tangebatur
988 1590 1098 1651 adseu-

119 1686 173 1730 sus
189 1677 245 1729 est.

20 1823 23 1829 ¹
91 1759 106 1810 1
177 1754 214 1813 11.
243 1799 261 1828 ‚,
270 1753 423 1827 Quorsus,
448 1751 569 1829 inquis,
594 1755 671 1814 haec
697 1755 837 1831 quaestio
859 1756 1034 1830 pertinett“
1061 1757 1100 1818 Ut

119 1838 252 1898 sciamus
271 1837 344 1912 quid
360 1837 399 1898 sit
413 1838 467 1897 ira.
496 1853 564 1896 narn
581 1838 607 1898 si
621 1838 723 1900 invitis
738 1838 827 1898 nobis
844 1840 993 1914 nascitur,
1013 1856 1098 1903 uum·

121 1937 213 1994 quam
227 1920 337 1981 rationi
352 1920 537 1981 succumbet.
564 1937 671 1982 omnes
692 1924 771 1982 enim
786 1930 887 1983 rnotus
902 1924 954 1999 qui
969 1939 1031 1985 nou
1045 1940 1098 1985 vo·

117 2005 232 2064 luntate
247 2011 352 2065 nostra
366 2004 456 2077 liunt,
472 2004 575 2065 invicti
590 2013 619 2065 et
632 2005 823 2067 inevitabiles
839 2015 923 2082 sunt,
944 2014 977 2069 ut
990 2007 1099 2070 horror

117 2088 227 2163 frigida
241 2088 410 2164 adspersis,
426 2089 466 2151 ad
478 2090 634 2164 quosdam.
643 2096 741 2160 tactus
756 2091 940 2165 aspernatio.
962 2091 1001 2150 ad
1013 2092 1097 2167 peio-

117 2187 167 2232 res
189 2174 312 2233 uuntios
333 2173 529 2248 subriguntur
550 2172 601 2248 pili
623 2180 654 2233 et
678 2173 773 2233 rubor
793 2175 832 2233 ad
853 2173 983 2249 inproba
1003 2176 1098 2237 verba

115 2254 311 2318 subtunditur
323 2258 522 2334 sequiturque
532 2257 649 2332 vertigo
662 2263 827 2332 praeruptu
839 2257 998 2332 cernentis.
1022 2275 1097 2335 quc-

116 2355 182 2398 rum
205 2341 279 2416 quia
298 2341 371 2401 nihil
390 2342 420 2401 in
443 2348 548 2401 nostra
569 2347 720 2416 potestate
740 2347 803 2414 est,
824 2341 906 2402 nulla
921 2358 983 2417 quo
997 2343 1097 2404 minus

24 2423 25 2428 ’
88 2421 190 2482 allant
203 2425 279 2485 ratio
294 2426 470 2500 persuadet.
491 2426 538 2484 lra
553 2424 725 2500 praeceptis
741 2425 871 2500 lugetur.
893 2432 941 2486 est
951 2426 1032 2487 enim
1043 2443 1096 2487 vo·

77 2572 88 2589 ο
116 2506 276 2567 luntarium
291 2506 383 2567 animi
399 2507 511 2581 vitium,
527 2524 588 2567 non
604 2523 641 2566 ex
657 2506 715 2581 iris,
732 2523 812 2582 quae
830 2508 1010 2570 condicione
1022 2526 1096 2585 qua·

116 2588 187 2648 dam
197 2589 349 2650 humanae
360 2591 451 2650 sortis
464 2590 607 2651 eveniunt
617 2591 751 2665 ideoque
763 2591 852 2651 etiam
861 2593 1095 2667 sapientissimis

118 2672 268 2733 accidunt.
297 2673 375 2733 inter
392 2689 471 2748 quae
485 2681 516 2734 et
531 2673 647 2747 primus
667 2674 718 2734 ille
732 2674 811 2736 ictus
827 2676 916 2737 enini
932 2677 1095 2751 ponendus

85 2763 177 2828 sest,
200 2758 251 2831 qui
274 2772 331 2816 nos
353 2765 424 2831 post
444 2757 619 2832 opinionem
639 2755 768 2817 iniuriae
792 2766 903 2819 movet.
938 2761 995 2820 Hic
1015 2761 1098 2822 subit

116 2839 206 2899 etiarn
227 2840 304 2901 inter
324 2841 442 2901 ludicra
463 2856 575 2900 scenae
597 2844 774 2916 spectacula
790 2849 820 2902 et
833 2843 980 2905 lectiones
994 2861 1095 2907 rerum

114 2930 318 2986 vetustarum:
343 2940 438 3001 saepe
453 2925 558 2987 Clodio
574 2924 751 2986 ciceronem
770 2926 933 3001 expellenti
952 2935 983 2988 et
1000 2929 1095 2990 Anto·

115 3006 166 3065 nio
182 3009 332 3070 occidenti
348 3007 487 3071 videmur
500 3009 600 3070 irasci.
622 3009 691 3085 quis
707 3024 768 3069 non
784 3017 890 3070 contra
903 3009 991 3072 illarii
1002 3027 1095 3083 arma,

115 3096 222 3150 contra
236 3090 339 3151 Sullae
354 3093 610 3168 proscriptionem
626 3094 813 3154 concitaturt
833 3093 902 3169 quis
922 3110 985 3156 non
998 3093 1094 3156 Tltao·

114 3171 187 3232 doto
210 3182 241 3234 et
259 3174 397 3234 Achillae
416 3181 447 3236 et
466 3176 526 3250 ipsi
548 3191 643 3251 puero
663 3192 725 3236 non
745 3177 862 3252 puerile
882 3192 960 3239 auso
976 3179 1094 3240 lacinus

83 3254 240 3316 tinlestus
255 3263 323 3317 esti
343 3257 455 3319 cantus
467 3275 526 3318 nos
537 3275 765 3334 nonnumquam
778 3267 809 3321 et
822 3261 912 3323 citata
925 3262 1093 3325 modulatio

113 3338 237 3416 instigat
255 3339 445 3416 Martiusque
464 3340 515 3402 ille
536 3342 675 3403 tubarum
695 3347 795 3405 sonus
812 3350 916 3405 movet
928 3351 1048 3406 mentes
1064 3350 1095 3405 et

113 3431 201 3485 atrox
213 3424 333 3500 pictura
346 3432 377 3484 et
391 3424 626 3487 iustissimorum
640 3427 859 3502 suppliciorum
872 3425 968 3490 tristis
982 3429 1095 3505 adspe-
