<?xml version="1.0" encoding="UTF-8"?>
<!DOCTYPE html PUBLIC "-//W3C//DTD XHTML 1.0 Transitional//EN"
    "http://www.w3.org/TR/xhtml1/DTD/xhtml1-transitional.dtd">
<html xmlns="http://www.w3.org/1999/xhtml" xml:lang="en" lang="en">
 <head>
  <title>
</title>
<meta http-equiv="Content-Type" content="text/html;charset=utf-8" />
  <meta name='ocr-system' content='tesseract 3.04.00' />
  <meta name='ocr-capabilities' content='ocr_page ocr_carea ocr_par ocr_line ocrx_word'/>
</head>
<body>
  <div class='ocr_page' id='page_1' title='image "./lannaeisenecaeo03senegoog_0230.png"; bbox 0 0 2378 3856; ppageno 0'>
   <div class='ocr_carea' id='block_1_1' title="bbox 265 211 1028 295">
    <p class='ocr_par' dir='ltr' id='par_1_1' title="bbox 265 211 1028 295">
     <span class='ocr_line' id='line_1_1' title="bbox 265 211 1028 295; baseline 0.018 -24"><span class='ocrx_word' id='word_1_1' title='bbox 265 211 316 272; x_wconf 83' lang='lat' dir='ltr'><strong>DE</strong></span> <span class='ocrx_word' id='word_1_2' title='bbox 330 212 552 274; x_wconf 67' lang='lat' dir='ltr'><strong>eeteVltitTe</strong></span> <span class='ocrx_word' id='word_1_3' title='bbox 569 216 779 279; x_wconf 69' lang='lat' dir='ltr'><strong>Viuite-n-</strong></span> <span class='ocrx_word' id='word_1_4' title='bbox 792 228 834 282; x_wconf 65' lang='lat' dir='ltr'><strong>li„</strong></span> <span class='ocrx_word' id='word_1_5' title='bbox 963 221 1028 295; x_wconf 71' lang='lat' dir='ltr'><strong>ite</strong></span> 
     </span>
    </p>
   </div>
   <div class='ocr_carea' id='block_1_2' title="bbox 11 367 1099 3538">
    <p class='ocr_par' dir='ltr' id='par_1_2' title="bbox 11 367 1099 3538">
     <span class='ocr_line' id='line_1_2' title="bbox 42 367 1025 442; baseline 0.005 -12"><span class='ocrx_word' id='word_1_6' title='bbox 42 385 140 430; x_wconf 82' lang='lat' dir='ltr'><strong>nenio</strong></span> <span class='ocrx_word' id='word_1_7' title='bbox 156 367 293 442; x_wconf 84' lang='lat' dir='ltr'>deicitur,</span> <span class='ocrx_word' id='word_1_8' title='bbox 310 367 522 431; x_wconf 83' lang='lat' dir='ltr'><strong>sublevabunt</strong></span> <span class='ocrx_word' id='word_1_9' title='bbox 544 369 623 429; x_wconf 83' lang='lat' dir='ltr'><strong>haec</strong></span> <span class='ocrx_word' id='word_1_10' title='bbox 634 373 786 432; x_wconf 75' lang='lat' dir='ltr'><strong>uuaratw</strong></span> <span class='ocrx_word' id='word_1_11' title='bbox 800 381 847 433; x_wconf 88' lang='lat' dir='ltr'><strong>ost</strong></span> <span class='ocrx_word' id='word_1_12' title='bbox 858 375 1025 434; x_wconf 84' lang='lat' dir='ltr'><strong>extenden-</strong></span> 
     </span>
     <span class='ocr_line' id='line_1_3' title="bbox 43 450 1038 526; baseline 0.005 -12"><span class='ocrx_word' id='word_1_13' title='bbox 43 455 106 514; x_wconf 80' lang='lat' dir='ltr'><strong>dae</strong></span> <span class='ocrx_word' id='word_1_14' title='bbox 121 450 328 526; x_wconf 77' lang='lat' dir='ltr'><strong>mortalitatis,</strong></span> <span class='ocrx_word' id='word_1_15' title='bbox 343 452 439 512; x_wconf 72' lang='lat' dir='ltr'><strong>inmo</strong></span> <span class='ocrx_word' id='word_1_16' title='bbox 451 452 487 511; x_wconf 82' lang='lat' dir='ltr'><strong>iu.</strong></span> <span class='ocrx_word' id='word_1_17' title='bbox 497 453 740 514; x_wconf 62' lang='lat' dir='ltr'><strong>inmortalitatem</strong></span> <span class='ocrx_word' id='word_1_18' title='bbox 756 456 930 518; x_wconf 79' lang='lat' dir='ltr'><strong>tenendae.</strong></span> <span class='ocrx_word' id='word_1_19' title='bbox 963 459 1038 519; x_wconf 72' lang='lat' dir='ltr'><strong>llo·</strong></span> 
     </span>
     <span class='ocr_line' id='line_1_4' title="bbox 43 534 1028 612; baseline 0.007 -16"><span class='ocrx_word' id='word_1_20' title='bbox 43 550 158 610; x_wconf 71' lang='lat' dir='ltr'><strong>umes,</strong></span> <span class='ocrx_word' id='word_1_21' title='bbox 178 541 388 608; x_wconf 82' lang='lat' dir='ltr'><strong>monurnenta,</strong></span> <span class='ocrx_word' id='word_1_22' title='bbox 415 534 564 612; x_wconf 60' lang='lat' dir='ltr'><strong>miequid</strong></span> <span class='ocrx_word' id='word_1_23' title='bbox 582 543 634 596; x_wconf 85' lang='lat' dir='ltr'><strong>aut</strong></span> <span class='ocrx_word' id='word_1_24' title='bbox 649 538 786 612; x_wconf 77' lang='lat' dir='ltr'><strong>decretis¹</strong></span> <span class='ocrx_word' id='word_1_25' title='bbox 797 539 920 603; x_wconf 72' lang='lat' dir='ltr'><strong>ambitio</strong></span> <span class='ocrx_word' id='word_1_26' title='bbox 936 540 1028 603; x_wconf 82' lang='lat' dir='ltr'><strong>iussit</strong></span> 
     </span>
     <span class='ocr_line' id='line_1_5' title="bbox 45 618 1027 700; baseline 0.005 -19"><span class='ocrx_word' id='word_1_27' title='bbox 45 628 102 681; x_wconf 85' lang='lat' dir='ltr'><strong>aut</strong></span> <span class='ocrx_word' id='word_1_28' title='bbox 115 618 265 694; x_wconf 81' lang='lat' dir='ltr'><strong>operibus</strong></span> <span class='ocrx_word' id='word_1_29' title='bbox 278 619 438 694; x_wconf 64' lang='lat' dir='ltr'><strong>unruxlt</strong></span> <span class='ocrx_word' id='word_1_30' title='bbox 452 620 510 681; x_wconf 84' lang='lat' dir='ltr'><strong>cite</strong></span> <span class='ocrx_word' id='word_1_31' title='bbox 522 621 687 681; x_wconf 70' lang='lat' dir='ltr'><strong>subruitur.</strong></span> <span class='ocrx_word' id='word_1_32' title='bbox 709 620 783 699; x_wconf 66' lang='lat' dir='ltr'><strong>nilil</strong></span> <span class='ocrx_word' id='word_1_33' title='bbox 793 626 961 700; x_wconf 71' lang='lat' dir='ltr'><strong>nurrlouga</strong></span> <span class='ocrx_word' id='word_1_34' title='bbox 971 626 1027 685; x_wconf 83' lang='lat' dir='ltr'><strong>de·</strong></span> 
     </span>
     <span class='ocr_line' id='line_1_6' title="bbox 45 703 1024 780; baseline 0.004 -15"><span class='ocrx_word' id='word_1_35' title='bbox 45 705 171 765; x_wconf 86' lang='lat' dir='ltr'><strong>molitur</strong></span> <span class='ocrx_word' id='word_1_36' title='bbox 192 709 330 763; x_wconf 70' lang='lat' dir='ltr'><strong>vetum</strong></span> <span class='ocrx_word' id='word_1_37' title='bbox 351 709 384 762; x_wconf 88' lang='lat' dir='ltr'><strong>et</strong></span> <span class='ocrx_word' id='word_1_38' title='bbox 401 710 522 764; x_wconf 63' lang='lat' dir='ltr'><strong>moreti</strong></span> <span class='ocrx_word' id='word_1_39' title='bbox 544 710 577 763; x_wconf 88' lang='lat' dir='ltr'><strong>at</strong></span> <span class='ocrx_word' id='word_1_40' title='bbox 595 703 648 780; x_wconf 81' lang='lat' dir='ltr'><strong>iis,</strong></span> <span class='ocrx_word' id='word_1_41' title='bbox 674 718 753 780; x_wconf 74' lang='lat' dir='ltr'><strong>quae</strong></span> <span class='ocrx_word' id='word_1_42' title='bbox 768 709 961 768; x_wconf 64' lang='lat' dir='ltr'><strong>commiavit</strong></span> <span class='ocrx_word' id='word_1_43' title='bbox 975 713 1024 768; x_wconf 78' lang='lat' dir='ltr'><strong>sd-</strong></span> 
     </span>
     <span class='ocr_line' id='line_1_7' title="bbox 45 783 1026 864; baseline 0.004 -17"><span class='ocrx_word' id='word_1_44' title='bbox 45 786 182 864; x_wconf 83' lang='lat' dir='ltr'><strong>pientio,</strong></span> <span class='ocrx_word' id='word_1_45' title='bbox 193 786 297 847; x_wconf 81' lang='lat' dir='ltr'><strong>noceri</strong></span> <span class='ocrx_word' id='word_1_46' title='bbox 312 801 375 847; x_wconf 82' lang='lat' dir='ltr'><strong>nen</strong></span> <span class='ocrx_word' id='word_1_47' title='bbox 389 794 504 862; x_wconf 82' lang='lat' dir='ltr'><strong>potest</strong></span> <span class='ocrx_word' id='word_1_48' title='bbox 521 783 608 847; x_wconf 67' lang='lat' dir='ltr'><strong>nulb</strong></span> <span class='ocrx_word' id='word_1_49' title='bbox 618 788 756 851; x_wconf 80' lang='lat' dir='ltr'><strong>abolebit</strong></span> <span class='ocrx_word' id='word_1_50' title='bbox 765 797 866 863; x_wconf 69' lang='lat' dir='ltr'><strong>neas,</strong></span> <span class='ocrx_word' id='word_1_51' title='bbox 881 793 965 852; x_wconf 89' lang='lat' dir='ltr'><strong>nulla</strong></span> <span class='ocrx_word' id='word_1_52' title='bbox 980 790 1026 851; x_wconf 74' lang='lat' dir='ltr'><strong>di</strong></span> 
     </span>
     <span class='ocr_line' id='line_1_8' title="bbox 45 865 1029 950; baseline 0.003 -19"><span class='ocrx_word' id='word_1_53' title='bbox 45 872 177 932; x_wconf 75' lang='lat' dir='ltr'><strong>minuet:</strong></span> <span class='ocrx_word' id='word_1_54' title='bbox 201 882 337 946; x_wconf 85' lang='lat' dir='ltr'><strong>sequens</strong></span> <span class='ocrx_word' id='word_1_55' title='bbox 363 885 400 930; x_wconf 87' lang='lat' dir='ltr'><strong>ac</strong></span> <span class='ocrx_word' id='word_1_56' title='bbox 425 865 539 932; x_wconf 61' lang='lat' dir='ltr'><strong>deiide</strong></span> <span class='ocrx_word' id='word_1_57' title='bbox 563 886 687 948; x_wconf 76' lang='lat' dir='ltr'><strong>semper</strong></span> <span class='ocrx_word' id='word_1_58' title='bbox 706 875 832 936; x_wconf 75' lang='lat' dir='ltr'><strong>ulterior</strong></span> <span class='ocrx_word' id='word_1_59' title='bbox 853 875 969 950; x_wconf 83' lang='lat' dir='ltr'><strong>aliquid</strong></span> <span class='ocrx_word' id='word_1_60' title='bbox 984 875 1029 934; x_wconf 89' lang='lat' dir='ltr'><strong>ad·</strong></span> 
     </span>
     <span class='ocr_line' id='line_1_9' title="bbox 45 954 1099 1031; baseline 0.001 -15"><span class='ocrx_word' id='word_1_61' title='bbox 45 954 276 1016; x_wconf 87' lang='lat' dir='ltr'><strong>venerationem</strong></span> <span class='ocrx_word' id='word_1_62' title='bbox 291 954 418 1030; x_wconf 79' lang='lat' dir='ltr'><strong>confert,</strong></span> <span class='ocrx_word' id='word_1_63' title='bbox 433 956 582 1030; x_wconf 86' lang='lat' dir='ltr'><strong>quoniam·</strong></span> <span class='ocrx_word' id='word_1_64' title='bbox 594 957 721 1031; x_wconf 79' lang='lat' dir='ltr'><strong>quidone</strong></span> <span class='ocrx_word' id='word_1_65' title='bbox 731 957 873 1020; x_wconf 67' lang='lat' dir='ltr'><strong>intuetu</strong></span> <span class='ocrx_word' id='word_1_66' title='bbox 885 965 1028 1020; x_wconf 82' lang='lat' dir='ltr'><strong>versatru</strong></span> <span class='ocrx_word' id='word_1_67' title='bbox 1095 987 1099 994; x_wconf 95' lang='lat'><em>·</em></span> 
     </span>
     <span class='ocr_line' id='line_1_10' title="bbox 27 1038 1053 1119; baseline -0.001 -20"><span class='ocrx_word' id='word_1_68' title='bbox 27 1052 28 1057; x_wconf 72' lang='grc'>’</span> <span class='ocrx_word' id='word_1_69' title='bbox 45 1038 183 1112; x_wconf 82' lang='lat' dir='ltr'><strong>invidia,</strong></span> <span class='ocrx_word' id='word_1_70' title='bbox 194 1038 368 1114; x_wconf 84' lang='lat' dir='ltr'><strong>simplicius·</strong></span> <span class='ocrx_word' id='word_1_71' title='bbox 380 1040 474 1114; x_wconf 78' lang='lat' dir='ltr'><strong>longe·</strong></span> <span class='ocrx_word' id='word_1_72' title='bbox 486 1040 588 1115; x_wconf 81' lang='lat' dir='ltr'><strong>posita</strong></span> <span class='ocrx_word' id='word_1_73' title='bbox 603 1041 756 1102; x_wconf 67' lang='lat' dir='ltr'><strong>tenemur.</strong></span> <span class='ocrx_word' id='word_1_74' title='bbox 781 1041 935 1118; x_wconf 85' lang='lat' dir='ltr'><strong>Sapientis</strong></span> <span class='ocrx_word' id='word_1_75' title='bbox 949 1046 1053 1119; x_wconf 71' lang='lat' dir='ltr'><strong>ergon</strong></span> 
     </span>
     <span class='ocr_line' id='line_1_11' title="bbox 46 1120 1026 1200; baseline 0.004 -18"><span class='ocrx_word' id='word_1_76' title='bbox 46 1123 178 1183; x_wconf 78' lang='lat' dir='ltr'><strong>neuun</strong></span> <span class='ocrx_word' id='word_1_77' title='bbox 196 1130 281 1197; x_wconf 84' lang='lat' dir='ltr'><strong>patet</strong></span> <span class='ocrx_word' id='word_1_78' title='bbox 298 1122 370 1183; x_wconf 85' lang='lat' dir='ltr'><strong>vita.</strong></span> <span class='ocrx_word' id='word_1_79' title='bbox 402 1138 464 1183; x_wconf 84' lang='lat' dir='ltr'><strong>non</strong></span> <span class='ocrx_word' id='word_1_80' title='bbox 480 1123 562 1183; x_wconf 85' lang='lat' dir='ltr'><strong>idern</strong></span> <span class='ocrx_word' id='word_1_81' title='bbox 575 1120 660 1184; x_wconf 74' lang='lat' dir='ltr'><strong>illuri</strong></span> <span class='ocrx_word' id='word_1_82' title='bbox 674 1124 729 1200; x_wconf 87' lang='lat' dir='ltr'><strong>qui</strong></span> <span class='ocrx_word' id='word_1_83' title='bbox 742 1133 862 1187; x_wconf 84' lang='lat' dir='ltr'><strong>eeteros</strong></span> <span class='ocrx_word' id='word_1_84' title='bbox 877 1127 1026 1188; x_wconf 65' lang='lat' dir='ltr'><strong>bembus</strong></span> 
     </span>
     <span class='ocr_line' id='line_1_12' title="bbox 47 1204 1024 1282; baseline 0.001 -15"><span class='ocrx_word' id='word_1_85' title='bbox 47 1204 152 1267; x_wconf 67' lang='lat' dir='ltr'><strong>cludit.</strong></span> <span class='ocrx_word' id='word_1_86' title='bbox 186 1207 273 1266; x_wconf 82' lang='lat' dir='ltr'><strong>solue</strong></span> <span class='ocrx_word' id='word_1_87' title='bbox 288 1205 409 1282; x_wconf 83' lang='lat' dir='ltr'><strong>generis</strong></span> <span class='ocrx_word' id='word_1_88' title='bbox 425 1207 547 1268; x_wconf 85' lang='lat' dir='ltr'><strong>humani</strong></span> <span class='ocrx_word' id='word_1_89' title='bbox 562 1207 681 1282; x_wconf 76' lang='lat' dir='ltr'><strong>legibus</strong></span> <span class='ocrx_word' id='word_1_90' title='bbox 697 1209 833 1270; x_wconf 85' lang='lat' dir='ltr'><strong>solvitur.</strong></span> <span class='ocrx_word' id='word_1_91' title='bbox 868 1211 969 1270; x_wconf 85' lang='lat' dir='ltr'><strong>omnia</strong></span> <span class='ocrx_word' id='word_1_92' title='bbox 982 1211 1024 1269; x_wconf 90' lang='lat' dir='ltr'><strong>illi</strong></span> 
     </span>
     <span class='ocr_line' id='line_1_13' title="bbox 48 1289 1024 1368; baseline 0 -17"><span class='ocrx_word' id='word_1_93' title='bbox 48 1291 159 1351; x_wconf 63' lang='lat' dir='ltr'><strong>secula.</strong></span> <span class='ocrx_word' id='word_1_94' title='bbox 169 1297 203 1355; x_wconf 72' lang='lat' dir='ltr'><strong>nt</strong></span> <span class='ocrx_word' id='word_1_95' title='bbox 219 1289 279 1351; x_wconf 87' lang='lat' dir='ltr'><strong>deo</strong></span> <span class='ocrx_word' id='word_1_96' title='bbox 296 1290 444 1352; x_wconf 62' lang='lat' dir='ltr'><strong>servium</strong></span> <span class='ocrx_word' id='word_1_97' title='bbox 463 1291 581 1350; x_wconf 85' lang='lat' dir='ltr'><strong>transiit</strong></span> <span class='ocrx_word' id='word_1_98' title='bbox 595 1298 721 1367; x_wconf 79' lang='lat' dir='ltr'><strong>tenipus</strong></span> <span class='ocrx_word' id='word_1_99' title='bbox 735 1291 879 1368; x_wconf 83' lang='lat' dir='ltr'><strong>aliquod:</strong></span> <span class='ocrx_word' id='word_1_100' title='bbox 905 1293 964 1352; x_wconf 85' lang='lat' dir='ltr'><strong>boe</strong></span> <span class='ocrx_word' id='word_1_101' title='bbox 977 1308 1024 1351; x_wconf 89' lang='lat' dir='ltr'><strong>re-</strong></span> 
     </span>
     <span class='ocr_line' id='line_1_14' title="bbox 49 1370 1027 1450; baseline 0 -16"><span class='ocrx_word' id='word_1_102' title='bbox 49 1371 232 1434; x_wconf 79' lang='lat' dir='ltr'><strong>cordatione</strong></span> <span class='ocrx_word' id='word_1_103' title='bbox 257 1370 487 1450; x_wconf 73' lang='lat' dir='ltr'><strong>conprehendit</strong></span> <span class='ocrx_word' id='word_1_104' title='bbox 518 1375 628 1435; x_wconf 65' lang='lat' dir='ltr'><strong>indat:</strong></span> <span class='ocrx_word' id='word_1_105' title='bbox 654 1376 715 1436; x_wconf 83' lang='lat' dir='ltr'><strong>boe</strong></span> <span class='ocrx_word' id='word_1_106' title='bbox 734 1376 833 1436; x_wconf 86' lang='lat' dir='ltr'><strong>utitur.</strong></span> <span class='ocrx_word' id='word_1_107' title='bbox 865 1383 1027 1436; x_wconf 81' lang='lat' dir='ltr'><strong>venturum</strong></span> 
     </span>
     <span class='ocr_line' id='line_1_15' title="bbox 48 1456 1028 1538; baseline -0.001 -19"><span class='ocrx_word' id='word_1_108' title='bbox 48 1465 114 1520; x_wconf 72' lang='lat' dir='ltr'><strong>este</strong></span> <span class='ocrx_word' id='word_1_109' title='bbox 134 1457 196 1517; x_wconf 84' lang='lat' dir='ltr'><strong>lioc</strong></span> <span class='ocrx_word' id='word_1_110' title='bbox 211 1456 370 1532; x_wconf 84' lang='lat' dir='ltr'><strong>praecipit.</strong></span> <span class='ocrx_word' id='word_1_111' title='bbox 401 1458 538 1534; x_wconf 72' lang='lat' dir='ltr'><strong>Longam</strong></span> <span class='ocrx_word' id='word_1_112' title='bbox 552 1457 594 1517; x_wconf 91' lang='lat' dir='ltr'><strong>illi</strong></span> <span class='ocrx_word' id='word_1_113' title='bbox 608 1460 700 1538; x_wconf 82' lang='lat' dir='ltr'><strong>vitem</strong></span> <span class='ocrx_word' id='word_1_114' title='bbox 716 1460 788 1520; x_wconf 87' lang='lat' dir='ltr'><strong>iacit</strong></span> <span class='ocrx_word' id='word_1_115' title='bbox 802 1461 936 1520; x_wconf 88' lang='lat' dir='ltr'><strong>omnium</strong></span> <span class='ocrx_word' id='word_1_116' title='bbox 951 1466 1028 1519; x_wconf 85' lang='lat' dir='ltr'><strong>tern-</strong></span> 
     </span>
     <span class='ocr_line' id='line_1_16' title="bbox 49 1540 564 1617; baseline 0 -15"><span class='ocrx_word' id='word_1_117' title='bbox 49 1540 206 1617; x_wconf 76' lang='lat' dir='ltr'><strong>ponamin</strong></span> <span class='ocrx_word' id='word_1_118' title='bbox 221 1555 315 1601; x_wconf 80' lang='lat' dir='ltr'><strong>unum</strong></span> <span class='ocrx_word' id='word_1_119' title='bbox 331 1542 472 1602; x_wconf 87' lang='lat' dir='ltr'><strong>conlatio.</strong></span> <span class='ocrx_word' id='word_1_120' title='bbox 562 1556 564 1563; x_wconf 53' lang='lat'><strong>¹</strong></span> 
     </span>
     <span class='ocr_line' id='line_1_17' title="bbox 23 1622 1056 1701; baseline 0.002 -17"><span class='ocrx_word' id='word_1_121' title='bbox 23 1655 24 1659; x_wconf 59' lang='lat'><em>=</em></span> <span class='ocrx_word' id='word_1_122' title='bbox 107 1622 192 1684; x_wconf 72' lang='lat' dir='ltr'><strong>livi</strong></span> <span class='ocrx_word' id='word_1_123' title='bbox 222 1625 347 1687; x_wconf 84' lang='lat' dir='ltr'><strong>litorum</strong></span> <span class='ocrx_word' id='word_1_124' title='bbox 372 1625 554 1686; x_wconf 61' lang='lat' dir='ltr'><strong>brevifflma</strong></span> <span class='ocrx_word' id='word_1_125' title='bbox 574 1641 610 1687; x_wconf 84' lang='lat' dir='ltr'><strong>ae</strong></span> <span class='ocrx_word' id='word_1_126' title='bbox 631 1625 850 1688; x_wconf 72' lang='lat' dir='ltr'><strong>sollicitissima</strong></span> <span class='ocrx_word' id='word_1_127' title='bbox 869 1634 954 1688; x_wconf 86' lang='lat' dir='ltr'><strong>aetas</strong></span> <span class='ocrx_word' id='word_1_128' title='bbox 968 1634 1056 1701; x_wconf 78' lang='lat' dir='ltr'><strong>estl</strong></span> 
     </span>
     <span class='ocr_line' id='line_1_18' title="bbox 48 1706 1025 1787; baseline 0 -18"><span class='ocrx_word' id='word_1_129' title='bbox 48 1710 101 1784; x_wconf 85' lang='lat' dir='ltr'><strong>qui</strong></span> <span class='ocrx_word' id='word_1_130' title='bbox 117 1706 353 1783; x_wconf 81' lang='lat' dir='ltr'><strong>praeteritorum</strong></span> <span class='ocrx_word' id='word_1_131' title='bbox 366 1710 596 1786; x_wconf 79' lang='lat' dir='ltr'><strong>obliniscuutnr,</strong></span> <span class='ocrx_word' id='word_1_132' title='bbox 611 1711 786 1787; x_wconf 75' lang='lat' dir='ltr'><strong>praescotia</strong></span> <span class='ocrx_word' id='word_1_133' title='bbox 800 1712 973 1786; x_wconf 77' lang='lat' dir='ltr'><strong>neglegttnt,</strong></span> <span class='ocrx_word' id='word_1_134' title='bbox 986 1711 1025 1769; x_wconf 90' lang='lat' dir='ltr'><strong>de</strong></span> 
     </span>
     <span class='ocr_line' id='line_1_19' title="bbox 47 1792 1092 1873; baseline 0.001 -22"><span class='ocrx_word' id='word_1_135' title='bbox 47 1793 154 1854; x_wconf 83' lang='lat' dir='ltr'><strong>tuturo</strong></span> <span class='ocrx_word' id='word_1_136' title='bbox 168 1792 289 1853; x_wconf 79' lang='lat' dir='ltr'><strong>timent:</strong></span> <span class='ocrx_word' id='word_1_137' title='bbox 304 1802 372 1852; x_wconf 86' lang='lat' dir='ltr'><strong>oum</strong></span> <span class='ocrx_word' id='word_1_138' title='bbox 387 1794 430 1853; x_wconf 88' lang='lat' dir='ltr'><strong>ad</strong></span> <span class='ocrx_word' id='word_1_139' title='bbox 442 1801 580 1854; x_wconf 80' lang='lat' dir='ltr'><strong>extrema</strong></span> <span class='ocrx_word' id='word_1_140' title='bbox 593 1803 749 1867; x_wconf 77' lang='lat' dir='ltr'><strong>venerumt,</strong></span> <span class='ocrx_word' id='word_1_141' title='bbox 766 1795 1026 1868; x_wconf 61' lang='lat' dir='ltr'><strong>subintulerunt</strong></span> <span class='ocrx_word' id='word_1_142' title='bbox 1090 1867 1092 1873; x_wconf 22' lang='grc' dir='ltr'>Ι</span> 
     </span>
     <span class='ocr_line' id='line_1_20' title="bbox 47 1876 1024 1960; baseline 0 -24"><span class='ocrx_word' id='word_1_143' title='bbox 47 1876 168 1948; x_wconf 88' lang='lat' dir='ltr'><strong>miseri,</strong></span> <span class='ocrx_word' id='word_1_144' title='bbox 192 1876 309 1936; x_wconf 85' lang='lat' dir='ltr'><strong>tamdiu</strong></span> <span class='ocrx_word' id='word_1_145' title='bbox 331 1890 381 1950; x_wconf 90' lang='lat' dir='ltr'><strong>se,</strong></span> <span class='ocrx_word' id='word_1_146' title='bbox 407 1877 480 1939; x_wconf 87' lang='lat' dir='ltr'><strong>dum</strong></span> <span class='ocrx_word' id='word_1_147' title='bbox 504 1877 578 1938; x_wconf 85' lang='lat' dir='ltr'><strong>nihil</strong></span> <span class='ocrx_word' id='word_1_148' title='bbox 600 1885 709 1954; x_wconf 79' lang='lat' dir='ltr'><strong>agunt,</strong></span> <span class='ocrx_word' id='word_1_149' title='bbox 734 1883 902 1960; x_wconf 84' lang='lat' dir='ltr'><strong>occupatos</strong></span> <span class='ocrx_word' id='word_1_150' title='bbox 918 1877 1024 1937; x_wconf 84' lang='lat' dir='ltr'><strong>luisse.</strong></span> 
     </span>
     <span class='ocr_line' id='line_1_21' title="bbox 46 1959 1055 2037; baseline 0.001 -18"><span class='ocrx_word' id='word_1_151' title='bbox 46 1961 110 2019; x_wconf 86' lang='lat' dir='ltr'><strong>Nec</strong></span> <span class='ocrx_word' id='word_1_152' title='bbox 128 1967 190 2032; x_wconf 86' lang='lat' dir='ltr'><strong>est,</strong></span> <span class='ocrx_word' id='word_1_153' title='bbox 206 1960 292 2033; x_wconf 76' lang='lat' dir='ltr'><strong>oded</strong></span> <span class='ocrx_word' id='word_1_154' title='bbox 306 1959 368 2020; x_wconf 87' lang='lat' dir='ltr'><strong>hoc</strong></span> <span class='ocrx_word' id='word_1_155' title='bbox 379 1969 557 2035; x_wconf 76' lang='lat' dir='ltr'><strong>argumento</strong></span> <span class='ocrx_word' id='word_1_156' title='bbox 574 1961 701 2036; x_wconf 83' lang='lat' dir='ltr'><strong>probari</strong></span> <span class='ocrx_word' id='word_1_157' title='bbox 714 1970 803 2037; x_wconf 84' lang='lat' dir='ltr'><strong>putes</strong></span> <span class='ocrx_word' id='word_1_158' title='bbox 818 1965 940 2037; x_wconf 80' lang='lat' dir='ltr'><strong>longam</strong></span> <span class='ocrx_word' id='word_1_159' title='bbox 954 1959 1023 2022; x_wconf 90' lang='lat' dir='ltr'><strong>illos</strong></span> <span class='ocrx_word' id='word_1_160' title='bbox 1038 1970 1055 2020; x_wconf 79' lang='lat'><strong>2</strong></span> 
     </span>
     <span class='ocr_line' id='line_1_22' title="bbox 46 2042 1024 2120; baseline -0.001 -16"><span class='ocrx_word' id='word_1_161' title='bbox 46 2056 145 2120; x_wconf 74' lang='lat' dir='ltr'><strong>agere</strong></span> <span class='ocrx_word' id='word_1_162' title='bbox 155 2042 257 2116; x_wconf 65' lang='lat' dir='ltr'><strong>rnatu</strong></span> <span class='ocrx_word' id='word_1_163' title='bbox 273 2043 346 2117; x_wconf 89' lang='lat' dir='ltr'><strong>quia</strong></span> <span class='ocrx_word' id='word_1_164' title='bbox 360 2044 512 2104; x_wconf 84' lang='lat' dir='ltr'><strong>interdum</strong></span> <span class='ocrx_word' id='word_1_165' title='bbox 525 2054 653 2106; x_wconf 86' lang='lat' dir='ltr'><strong>mortem</strong></span> <span class='ocrx_word' id='word_1_166' title='bbox 669 2044 829 2106; x_wconf 80' lang='lat' dir='ltr'><strong>invocant:</strong></span> <span class='ocrx_word' id='word_1_167' title='bbox 848 2053 940 2105; x_wconf 89' lang='lat' dir='ltr'><strong>vexat</strong></span> <span class='ocrx_word' id='word_1_168' title='bbox 954 2045 1024 2104; x_wconf 90' lang='lat' dir='ltr'><strong>illos</strong></span> 
     </span>
     <span class='ocr_line' id='line_1_23' title="bbox 11 2124 1023 2203; baseline -0.002 -16"><span class='ocrx_word' id='word_1_169' title='bbox 11 2171 12 2176; x_wconf 19' lang='grc' dir='ltr'>η</span> <span class='ocrx_word' id='word_1_170' title='bbox 46 2125 244 2203; x_wconf 75' lang='lat' dir='ltr'><strong>inprudentia</strong></span> <span class='ocrx_word' id='word_1_171' title='bbox 267 2124 392 2186; x_wconf 84' lang='lat' dir='ltr'><strong>incertis</strong></span> <span class='ocrx_word' id='word_1_172' title='bbox 417 2126 591 2188; x_wconf 79' lang='lat' dir='ltr'><strong>adfectibus</strong></span> <span class='ocrx_word' id='word_1_173' title='bbox 612 2138 643 2188; x_wconf 86' lang='lat' dir='ltr'><strong>et</strong></span> <span class='ocrx_word' id='word_1_174' title='bbox 659 2129 883 2190; x_wconf 85' lang='lat' dir='ltr'><strong>incurrentibus</strong></span> <span class='ocrx_word' id='word_1_175' title='bbox 898 2129 928 2187; x_wconf 92' lang='lat' dir='ltr'><strong>in</strong></span> <span class='ocrx_word' id='word_1_176' title='bbox 946 2127 1023 2202; x_wconf 88' lang='lat' dir='ltr'><strong>ipsa,</strong></span> 
     </span>
     <span class='ocr_line' id='line_1_24' title="bbox 47 2209 1025 2288; baseline -0.002 -19"><span class='ocrx_word' id='word_1_177' title='bbox 47 2224 134 2287; x_wconf 63' lang='lat' dir='ltr'><strong>eptae</strong></span> <span class='ocrx_word' id='word_1_178' title='bbox 150 2217 295 2272; x_wconf 84' lang='lat' dir='ltr'><strong>metuunt.</strong></span> <span class='ocrx_word' id='word_1_179' title='bbox 329 2217 457 2270; x_wconf 86' lang='lat' dir='ltr'><strong>mortem</strong></span> <span class='ocrx_word' id='word_1_180' title='bbox 478 2225 575 2286; x_wconf 85' lang='lat' dir='ltr'><strong>saepe</strong></span> <span class='ocrx_word' id='word_1_181' title='bbox 588 2211 663 2272; x_wconf 88' lang='lat' dir='ltr'><strong>ideo</strong></span> <span class='ocrx_word' id='word_1_182' title='bbox 679 2219 798 2288; x_wconf 87' lang='lat' dir='ltr'><strong>optant,</strong></span> <span class='ocrx_word' id='word_1_183' title='bbox 826 2209 899 2287; x_wconf 85' lang='lat' dir='ltr'><strong>quia</strong></span> <span class='ocrx_word' id='word_1_184' title='bbox 913 2212 1025 2271; x_wconf 81' lang='lat' dir='ltr'><strong>tinient.</strong></span> 
     </span>
     <span class='ocr_line' id='line_1_25' title="bbox 45 2294 1058 2370; baseline 0.002 -16"><span class='ocrx_word' id='word_1_185' title='bbox 45 2294 126 2355; x_wconf 85' lang='lat' dir='ltr'><strong>illud</strong></span> <span class='ocrx_word' id='word_1_186' title='bbox 147 2306 273 2370; x_wconf 81' lang='lat' dir='ltr'><strong>quoque</strong></span> <span class='ocrx_word' id='word_1_187' title='bbox 288 2302 499 2369; x_wconf 80' lang='lat' dir='ltr'><strong>argumentum</strong></span> <span class='ocrx_word' id='word_1_188' title='bbox 516 2310 579 2355; x_wconf 85' lang='lat' dir='ltr'><strong>non</strong></span> <span class='ocrx_word' id='word_1_189' title='bbox 595 2299 657 2368; x_wconf 89' lang='lat' dir='ltr'><strong>est,</strong></span> <span class='ocrx_word' id='word_1_190' title='bbox 684 2296 769 2370; x_wconf 88' lang='lat' dir='ltr'><strong>quod</strong></span> <span class='ocrx_word' id='word_1_191' title='bbox 787 2302 891 2370; x_wconf 81' lang='lat' dir='ltr'><strong>putes,</strong></span> <span class='ocrx_word' id='word_1_192' title='bbox 917 2294 970 2354; x_wconf 88' lang='lat' dir='ltr'><strong>diu</strong></span> <span class='ocrx_word' id='word_1_193' title='bbox 982 2294 1058 2356; x_wconf 65' lang='lat' dir='ltr'><strong>tri-3</strong></span> 
     </span>
     <span class='ocr_line' id='line_1_26' title="bbox 45 2374 1026 2453; baseline -0.002 -15"><span class='ocrx_word' id='word_1_194' title='bbox 45 2374 197 2452; x_wconf 61' lang='lat' dir='ltr'><strong>vendent</strong></span> <span class='ocrx_word' id='word_1_195' title='bbox 214 2377 299 2453; x_wconf 78' lang='lat' dir='ltr'><strong>quod</strong></span> <span class='ocrx_word' id='word_1_196' title='bbox 314 2392 410 2452; x_wconf 87' lang='lat' dir='ltr'><strong>saepe</strong></span> <span class='ocrx_word' id='word_1_197' title='bbox 425 2378 484 2437; x_wconf 89' lang='lat' dir='ltr'><strong>illie</strong></span> <span class='ocrx_word' id='word_1_198' title='bbox 495 2379 607 2453; x_wconf 76' lang='lat' dir='ltr'><strong>longus</strong></span> <span class='ocrx_word' id='word_1_199' title='bbox 617 2378 737 2439; x_wconf 85' lang='lat' dir='ltr'><strong>videtur</strong></span> <span class='ocrx_word' id='word_1_200' title='bbox 748 2379 829 2450; x_wconf 84' lang='lat' dir='ltr'><strong>dies,</strong></span> <span class='ocrx_word' id='word_1_201' title='bbox 846 2377 940 2453; x_wconf 87' lang='lat' dir='ltr'><strong>quod,</strong></span> <span class='ocrx_word' id='word_1_202' title='bbox 955 2377 1026 2436; x_wconf 87' lang='lat' dir='ltr'><strong>dum</strong></span> 
     </span>
     <span class='ocr_line' id='line_1_27' title="bbox 47 2462 1027 2539; baseline -0.002 -19"><span class='ocrx_word' id='word_1_203' title='bbox 47 2462 157 2522; x_wconf 65' lang='lat' dir='ltr'><strong>veniat</strong></span> <span class='ocrx_word' id='word_1_204' title='bbox 168 2462 342 2526; x_wconf 80' lang='lat' dir='ltr'><strong>condictum</strong></span> <span class='ocrx_word' id='word_1_205' title='bbox 358 2469 478 2536; x_wconf 88' lang='lat' dir='ltr'><strong>ternpus</strong></span> <span class='ocrx_word' id='word_1_206' title='bbox 495 2476 619 2536; x_wconf 84' lang='lat' dir='ltr'><strong>coenae,</strong></span> <span class='ocrx_word' id='word_1_207' title='bbox 634 2464 721 2539; x_wconf 86' lang='lat' dir='ltr'><strong>tarde</strong></span> <span class='ocrx_word' id='word_1_208' title='bbox 732 2464 776 2521; x_wconf 87' lang='lat' dir='ltr'><strong>ire</strong></span> <span class='ocrx_word' id='word_1_209' title='bbox 788 2462 881 2523; x_wconf 87' lang='lat' dir='ltr'><strong>horas</strong></span> <span class='ocrx_word' id='word_1_210' title='bbox 894 2475 1027 2536; x_wconf 85' lang='lat' dir='ltr'><strong>querun-</strong></span> 
     </span>
     <span class='ocr_line' id='line_1_28' title="bbox 47 2541 1024 2621; baseline -0.004 -14"><span class='ocrx_word' id='word_1_211' title='bbox 47 2555 112 2607; x_wconf 75' lang='lat' dir='ltr'><strong>tur:</strong></span> <span class='ocrx_word' id='word_1_212' title='bbox 139 2557 211 2619; x_wconf 73' lang='lat' dir='ltr'><strong>narn</strong></span> <span class='ocrx_word' id='word_1_213' title='bbox 226 2547 262 2606; x_wconf 75' lang='lat' dir='ltr'><strong>,sl</strong></span> <span class='ocrx_word' id='word_1_214' title='bbox 284 2545 412 2621; x_wconf 86' lang='lat' dir='ltr'><strong>quando</strong></span> <span class='ocrx_word' id='word_1_215' title='bbox 430 2546 499 2606; x_wconf 86' lang='lat' dir='ltr'><strong>illos</strong></span> <span class='ocrx_word' id='word_1_216' title='bbox 515 2547 716 2608; x_wconf 82' lang='lat' dir='ltr'><strong>deseruerunt</strong></span> <span class='ocrx_word' id='word_1_217' title='bbox 732 2545 968 2621; x_wconf 86' lang='lat' dir='ltr'><strong>occupationes,</strong></span> <span class='ocrx_word' id='word_1_218' title='bbox 994 2541 1024 2603; x_wconf 93' lang='lat' dir='ltr'><strong>in</strong></span> 
     </span>
     <span class='ocr_line' id='line_1_29' title="bbox 47 2627 1026 2706; baseline -0.004 -16"><span class='ocrx_word' id='word_1_219' title='bbox 47 2627 111 2690; x_wconf 89' lang='lat' dir='ltr'><strong>otio</strong></span> <span class='ocrx_word' id='word_1_220' title='bbox 133 2629 230 2688; x_wconf 88' lang='lat' dir='ltr'><strong>relicti</strong></span> <span class='ocrx_word' id='word_1_221' title='bbox 250 2636 404 2705; x_wconf 86' lang='lat' dir='ltr'><strong>aestuant,</strong></span> <span class='ocrx_word' id='word_1_222' title='bbox 431 2642 487 2690; x_wconf 89' lang='lat' dir='ltr'><strong>nec</strong></span> <span class='ocrx_word' id='word_1_223' title='bbox 508 2631 667 2705; x_wconf 85' lang='lat' dir='ltr'><strong>quomodo</strong></span> <span class='ocrx_word' id='word_1_224' title='bbox 680 2629 710 2690; x_wconf 91' lang='lat' dir='ltr'><strong>id</strong></span> <span class='ocrx_word' id='word_1_225' title='bbox 725 2630 893 2706; x_wconf 86' lang='lat' dir='ltr'><strong>disponant</strong></span> <span class='ocrx_word' id='word_1_226' title='bbox 905 2635 958 2690; x_wconf 89' lang='lat' dir='ltr'><strong>aut</strong></span> <span class='ocrx_word' id='word_1_227' title='bbox 973 2643 1026 2687; x_wconf 85' lang='lat' dir='ltr'><strong>ex-</strong></span> 
     </span>
     <span class='ocr_line' id='line_1_30' title="bbox 46 2711 1026 2790; baseline -0.002 -18"><span class='ocrx_word' id='word_1_228' title='bbox 46 2711 184 2784; x_wconf 86' lang='lat' dir='ltr'><strong>trabant,</strong></span> <span class='ocrx_word' id='word_1_229' title='bbox 201 2713 310 2772; x_wconf 82' lang='lat' dir='ltr'><strong>sciunt.</strong></span> <span class='ocrx_word' id='word_1_230' title='bbox 332 2715 437 2790; x_wconf 84' lang='lat' dir='ltr'><strong>itaquo</strong></span> <span class='ocrx_word' id='word_1_231' title='bbox 449 2715 489 2773; x_wconf 92' lang='lat' dir='ltr'><strong>ad</strong></span> <span class='ocrx_word' id='word_1_232' title='bbox 507 2714 739 2790; x_wconf 71' lang='lat' dir='ltr'><strong>occupauerant</strong></span> <span class='ocrx_word' id='word_1_233' title='bbox 754 2711 1026 2789; x_wconf 86' lang='lat' dir='ltr'><strong>aliquamtendunt</strong></span> 
     </span>
     <span class='ocr_line' id='line_1_31' title="bbox 48 2795 1025 2877; baseline -0.005 -20"><span class='ocrx_word' id='word_1_234' title='bbox 48 2803 79 2857; x_wconf 87' lang='lat' dir='ltr'><strong>et</strong></span> <span class='ocrx_word' id='word_1_235' title='bbox 96 2795 183 2870; x_wconf 84' lang='lat' dir='ltr'><strong>quod</strong></span> <span class='ocrx_word' id='word_1_236' title='bbox 197 2795 353 2856; x_wconf 81' lang='lat' dir='ltr'><strong>interiacet</strong></span> <span class='ocrx_word' id='word_1_237' title='bbox 367 2812 457 2877; x_wconf 86' lang='lat' dir='ltr'><strong>omne</strong></span> <span class='ocrx_word' id='word_1_238' title='bbox 472 2805 595 2872; x_wconf 85' lang='lat' dir='ltr'><strong>ternpus</strong></span> <span class='ocrx_word' id='word_1_239' title='bbox 609 2811 703 2872; x_wconf 79' lang='lat' dir='ltr'><strong>gravo</strong></span> <span class='ocrx_word' id='word_1_240' title='bbox 718 2805 776 2870; x_wconf 83' lang='lat' dir='ltr'><strong>est,</strong></span> <span class='ocrx_word' id='word_1_241' title='bbox 791 2805 852 2857; x_wconf 89' lang='lat' dir='ltr'><strong>tarn</strong></span> <span class='ocrx_word' id='word_1_242' title='bbox 867 2796 1025 2854; x_wconf 88' lang='lat' dir='ltr'><strong>mehercu-</strong></span> 
     </span>
     <span class='ocr_line' id='line_1_32' title="bbox 48 2874 1027 2953; baseline -0.005 -15"><span class='ocrx_word' id='word_1_243' title='bbox 48 2882 109 2952; x_wconf 86' lang='lat' dir='ltr'><strong>les,</strong></span> <span class='ocrx_word' id='word_1_244' title='bbox 134 2888 227 2951; x_wconf 75' lang='lat' dir='ltr'><strong>duam</strong></span> <span class='ocrx_word' id='word_1_245' title='bbox 243 2889 313 2936; x_wconf 88' lang='lat' dir='ltr'><strong>curn</strong></span> <span class='ocrx_word' id='word_1_246' title='bbox 327 2879 393 2937; x_wconf 87' lang='lat' dir='ltr'><strong>dios</strong></span> <span class='ocrx_word' id='word_1_247' title='bbox 404 2879 545 2940; x_wconf 79' lang='lat' dir='ltr'><strong>&#39;muneris</strong></span> <span class='ocrx_word' id='word_1_248' title='bbox 560 2874 732 2953; x_wconf 79' lang='lat' dir='ltr'><strong>gladiatorii</strong></span> <span class='ocrx_word' id='word_1_249' title='bbox 747 2879 867 2939; x_wconf 90' lang='lat' dir='ltr'><strong>edictus</strong></span> <span class='ocrx_word' id='word_1_250' title='bbox 884 2884 948 2949; x_wconf 91' lang='lat' dir='ltr'><strong>est,</strong></span> <span class='ocrx_word' id='word_1_251' title='bbox 975 2882 1027 2934; x_wconf 89' lang='lat' dir='ltr'><strong>aut</strong></span> 
     </span>
     <span class='ocr_line' id='line_1_33' title="bbox 48 2957 1048 3036; baseline -0.007 -14"><span class='ocrx_word' id='word_1_252' title='bbox 48 2976 119 3022; x_wconf 89' lang='lat' dir='ltr'><strong>curn</strong></span> <span class='ocrx_word' id='word_1_253' title='bbox 141 2957 271 3019; x_wconf 81' lang='lat' dir='ltr'><strong>alicuius</strong></span> <span class='ocrx_word' id='word_1_254' title='bbox 286 2962 410 3020; x_wconf 85' lang='lat' dir='ltr'><strong>alterius</strong></span> <span class='ocrx_word' id='word_1_255' title='bbox 425 2965 474 3021; x_wconf 86' lang='lat' dir='ltr'><strong>vel</strong></span> <span class='ocrx_word' id='word_1_256' title='bbox 487 2962 659 3036; x_wconf 78' lang='lat' dir='ltr'><strong>spectaculi</strong></span> <span class='ocrx_word' id='word_1_257' title='bbox 671 2963 722 3020; x_wconf 86' lang='lat' dir='ltr'><strong>vel</strong></span> <span class='ocrx_word' id='word_1_258' title='bbox 736 2960 901 3035; x_wconf 86' lang='lat' dir='ltr'><strong>voluptatis</strong></span> <span class='ocrx_word' id='word_1_259' title='bbox 915 2972 1028 3031; x_wconf 88' lang='lat' dir='ltr'><strong>exspe-</strong></span> <span class='ocrx_word' id='word_1_260' title='bbox 1047 3003 1048 3007; x_wconf 65' lang='lat'><strong>,</strong></span> 
     </span>
     <span class='ocr_line' id='line_1_34' title="bbox 50 3038 1055 3114; baseline -0.005 -9"><span class='ocrx_word' id='word_1_261' title='bbox 50 3052 151 3105; x_wconf 85' lang='lat' dir='ltr'><strong>otetur</strong></span> <span class='ocrx_word' id='word_1_262' title='bbox 164 3043 376 3114; x_wconf 83' lang='lat' dir='ltr'><strong>constitutum,</strong></span> <span class='ocrx_word' id='word_1_263' title='bbox 392 3043 546 3106; x_wconf 85' lang='lat' dir='ltr'><strong>transilire</strong></span> <span class='ocrx_word' id='word_1_264' title='bbox 558 3045 677 3104; x_wconf 85' lang='lat' dir='ltr'><strong>medios</strong></span> <span class='ocrx_word' id='word_1_265' title='bbox 693 3044 760 3104; x_wconf 89' lang='lat' dir='ltr'><strong>dies</strong></span> <span class='ocrx_word' id='word_1_266' title='bbox 777 3044 891 3104; x_wconf 89' lang='lat' dir='ltr'><strong>volunt.</strong></span> <span class='ocrx_word' id='word_1_267' title='bbox 923 3038 1055 3101; x_wconf 79' lang='lat' dir='ltr'><strong>omntst</strong></span> 
     </span>
     <span class='ocr_line' id='line_1_35' title="bbox 48 3126 1027 3203; baseline -0.003 -14"><span class='ocrx_word' id='word_1_268' title='bbox 48 3127 111 3189; x_wconf 91' lang='lat' dir='ltr'><strong>illis</strong></span> <span class='ocrx_word' id='word_1_269' title='bbox 125 3135 276 3202; x_wconf 75' lang='lat' dir='ltr'><strong>operatae</strong></span> <span class='ocrx_word' id='word_1_270' title='bbox 289 3127 334 3185; x_wconf 86' lang='lat' dir='ltr'><strong>roi</strong></span> <span class='ocrx_word' id='word_1_271' title='bbox 349 3126 440 3201; x_wconf 71' lang='lat' dir='ltr'><strong>longa</strong></span> <span class='ocrx_word' id='word_1_272' title='bbox 455 3128 558 3187; x_wconf 87' lang='lat' dir='ltr'><strong>dilatio</strong></span> <span class='ocrx_word' id='word_1_273' title='bbox 575 3135 623 3188; x_wconf 88' lang='lat' dir='ltr'><strong>est</strong></span> <span class='ocrx_word' id='word_1_274' title='bbox 636 3128 677 3188; x_wconf 92' lang='lat' dir='ltr'><strong>ad</strong></span> <span class='ocrx_word' id='word_1_275' title='bbox 691 3126 765 3188; x_wconf 86' lang='lat' dir='ltr'><strong>illud</strong></span> <span class='ocrx_word' id='word_1_276' title='bbox 779 3133 916 3203; x_wconf 83' lang='lat' dir='ltr'><strong>ternpus,</strong></span> <span class='ocrx_word' id='word_1_277' title='bbox 942 3126 1027 3201; x_wconf 87' lang='lat' dir='ltr'><strong>quod</strong></span> 
     </span>
     <span class='ocr_line' id='line_1_36' title="bbox 51 3206 1031 3287; baseline -0.003 -16"><span class='ocrx_word' id='word_1_278' title='bbox 51 3206 272 3272; x_wconf 81' lang='lat' dir='ltr'><strong>ornantib&#39;reve</strong></span> <span class='ocrx_word' id='word_1_279' title='bbox 287 3217 379 3270; x_wconf 84' lang='lat' dir='ltr'><strong>estet</strong></span> <span class='ocrx_word' id='word_1_280' title='bbox 394 3224 544 3286; x_wconf 84' lang='lat' dir='ltr'><strong>praeceps</strong></span> <span class='ocrx_word' id='word_1_281' title='bbox 560 3210 748 3287; x_wconf 87' lang='lat' dir='ltr'><strong>breviusque</strong></span> <span class='ocrx_word' id='word_1_282' title='bbox 760 3213 854 3274; x_wconf 88' lang='lat' dir='ltr'><strong>multo</strong></span> <span class='ocrx_word' id='word_1_283' title='bbox 870 3227 927 3271; x_wconf 88' lang='lat' dir='ltr'><strong>suo</strong></span> <span class='ocrx_word' id='word_1_284' title='bbox 944 3206 1031 3269; x_wconf 71' lang='lat' dir='ltr'><strong>vitio.⁴</strong></span> 
     </span>
     <span class='ocr_line' id='line_1_37' title="bbox 51 3293 1027 3369; baseline -0.004 -15"><span class='ocrx_word' id='word_1_285' title='bbox 51 3294 178 3354; x_wconf 88' lang='lat' dir='ltr'><strong>aliunde</strong></span> <span class='ocrx_word' id='word_1_286' title='bbox 196 3296 275 3354; x_wconf 85' lang='lat' dir='ltr'><strong>enim</strong></span> <span class='ocrx_word' id='word_1_287' title='bbox 296 3295 356 3353; x_wconf 90' lang='lat' dir='ltr'><strong>alio</strong></span> <span class='ocrx_word' id='word_1_288' title='bbox 371 3296 575 3369; x_wconf 81' lang='lat' dir='ltr'><strong>uanstugiunt</strong></span> <span class='ocrx_word' id='word_1_289' title='bbox 589 3301 620 3355; x_wconf 89' lang='lat' dir='ltr'><strong>et</strong></span> <span class='ocrx_word' id='word_1_290' title='bbox 633 3297 805 3357; x_wconf 78' lang='lat' dir='ltr'><strong>consistere</strong></span> <span class='ocrx_word' id='word_1_291' title='bbox 818 3297 848 3355; x_wconf 91' lang='lat' dir='ltr'><strong>in</strong></span> <span class='ocrx_word' id='word_1_292' title='bbox 866 3310 926 3354; x_wconf 89' lang='lat' dir='ltr'><strong>uua</strong></span> <span class='ocrx_word' id='word_1_293' title='bbox 942 3293 1027 3366; x_wconf 87' lang='lat' dir='ltr'><strong>cupi-</strong></span> 
     </span>
     <span class='ocr_line' id='line_1_38' title="bbox 52 3374 1027 3456; baseline -0.005 -20"><span class='ocrx_word' id='word_1_294' title='bbox 52 3378 147 3436; x_wconf 82' lang='lat' dir='ltr'><strong>ditate</strong></span> <span class='ocrx_word' id='word_1_295' title='bbox 160 3393 222 3440; x_wconf 85' lang='lat' dir='ltr'><strong>nou</strong></span> <span class='ocrx_word' id='word_1_296' title='bbox 238 3385 379 3455; x_wconf 85' lang='lat' dir='ltr'><strong>possunt.</strong></span> <span class='ocrx_word' id='word_1_297' title='bbox 412 3394 474 3438; x_wconf 89' lang='lat' dir='ltr'><strong>non</strong></span> <span class='ocrx_word' id='word_1_298' title='bbox 489 3386 560 3439; x_wconf 88' lang='lat' dir='ltr'><strong>sunt</strong></span> <span class='ocrx_word' id='word_1_299' title='bbox 572 3378 633 3439; x_wconf 82' lang='lat' dir='ltr'><strong>iliis</strong></span> <span class='ocrx_word' id='word_1_300' title='bbox 643 3381 726 3456; x_wconf 83' lang='lat' dir='ltr'><strong>longi</strong></span> <span class='ocrx_word' id='word_1_301' title='bbox 740 3379 823 3453; x_wconf 88' lang='lat' dir='ltr'><strong>dies,</strong></span> <span class='ocrx_word' id='word_1_302' title='bbox 847 3377 903 3453; x_wconf 85' lang='lat' dir='ltr'><strong>sed</strong></span> <span class='ocrx_word' id='word_1_303' title='bbox 920 3374 1027 3435; x_wconf 89' lang='lat' dir='ltr'><strong>invisi.</strong></span> 
     </span>
     <span class='ocr_line' id='line_1_39' title="bbox 17 3460 1029 3538; baseline -0.002 -19"><span class='ocrx_word' id='word_1_304' title='bbox 17 3480 23 3484; x_wconf 86' lang='grc'><em>·</em></span> <span class='ocrx_word' id='word_1_305' title='bbox 54 3469 84 3520; x_wconf 84' lang='lat' dir='ltr'><strong>at</strong></span> <span class='ocrx_word' id='word_1_306' title='bbox 110 3469 215 3521; x_wconf 69' lang='lat' dir='ltr'><strong>cenna</strong></span> <span class='ocrx_word' id='word_1_307' title='bbox 242 3476 334 3538; x_wconf 80' lang='lat' dir='ltr'><strong>quem</strong></span> <span class='ocrx_word' id='word_1_308' title='bbox 354 3463 484 3538; x_wconf 79' lang='lat' dir='ltr'><strong>exiguae</strong></span> <span class='ocrx_word' id='word_1_309' title='bbox 507 3471 614 3524; x_wconf 89' lang='lat' dir='ltr'><strong>noctes</strong></span> <span class='ocrx_word' id='word_1_310' title='bbox 633 3462 789 3536; x_wconf 87' lang='lat' dir='ltr'><strong>videntur,</strong></span> <span class='ocrx_word' id='word_1_311' title='bbox 817 3460 939 3537; x_wconf 88' lang='lat' dir='ltr'><strong>quasin</strong></span> <span class='ocrx_word' id='word_1_312' title='bbox 954 3472 1029 3519; x_wconf 86' lang='lat' dir='ltr'><strong>con·</strong></span> 
     </span>
    </p>
   </div>
   <div class='ocr_carea' id='block_1_3' title="bbox 0 0 1202 3856">
    <p class='ocr_par' dir='ltr' id='par_1_3' title="bbox 0 0 1202 3856">
     <span class='ocr_line' id='line_1_40' title="bbox 0 0 1202 3856; baseline 0 0"><span class='ocrx_word' id='word_1_313' title='bbox 0 0 1202 3856; x_wconf 95' lang='lat' dir='ltr'><strong> </strong></span> 
     </span>
    </p>
   </div>
  </div>
 </body>
</html>
