2378 3856
464 350 659 436 nillil!
680 351 851 435 suillis

307 500 687 600 ollllttllttlll
714 500 885 598 illuit
915 500 1019 598 vill.

550 675 595 724 nn
613 672 765 726 sensuum

586 791 629 855 lli
645 791 738 859 ollii.

146 1063 158 1114 1
233 1045 257 1103 l.
279 1047 347 1117 [ue]
369 1039 475 1078 ******
498 1055 552 1101 cur
572 1040 661 1100 nobis
682 1056 793 1114 mogun
809 1057 966 1103 consensu
979 1042 1055 1103 vitiu
1070 1057 1152 1104 oom-

170 1127 335 1190 mendant?
362 1124 432 1186 licet
446 1123 519 1183 nihil
533 1122 633 1197 uliud,
649 1125 732 1199 quod
746 1125 786 1185 sit
800 1126 941 1200 salutare,
955 1132 1149 1203 temptemus,

170 1211 309 1289 proderit
328 1216 429 1270 tumen
451 1224 507 1284 per
527 1223 563 1267 se
578 1208 678 1282 ipsum
693 1208 855 1268 secederes
876 1209 1021 1270 meliores
1036 1210 1149 1271 crimus

171 1295 291 1370 singuli.
318 1292 407 1371 quid,
422 1293 507 1368 quod
521 1292 668 1351 secedere
683 1290 723 1351 ad
737 1293 870 1367 optimos
884 1292 967 1354 virm
980 1300 1013 1353 et
1025 1292 1148 1370 aliquod

171 1381 344 1454 exemplum
358 1377 485 1451 eligere,
501 1375 542 1435 ud
556 1374 641 1450 quod
656 1375 748 1435 vitum
762 1375 937 1451 dirigamus,
953 1376 1046 1438 ticeli
1067 1376 1148 1453 qnod

170 1463 230 1522 nisi
250 1462 313 1522 otio
334 1476 396 1520 non
416 1459 458 1520 tit
486 1465 559 1519 tunc
579 1466 683 1533 potest
704 1459 840 1520 obtinere
862 1460 946 1534 quod
967 1462 1066 1522 semel
1089 1462 1147 1536 pls·

171 1545 247 1618 cuit,
269 1543 321 1605 ubi
336 1558 425 1604 nemo
438 1541 614 1616 intervenit,
637 1542 689 1616 qui
702 1542 846 1604 iudicium
860 1542 962 1605 adhuc
976 1543 1147 1607 inbecillum

170 1628 286 1704 popnic
301 1627 440 1688 amatore
462 1625 755 1700 detorquentium
776 1633 880 1700 potest
899 1625 964 1688 vitu
979 1628 1104 1705 aequali
1122 1634 1149 1688 et

170 1729 232 1775 uno
261 1719 367 1773 tenore
394 1708 577 1785 procedere,
614 1725 705 1785 quarn
734 1709 902 1785 propositis
930 1710 1148 1773 diversissimis

142 1795 349 1860 uscindimus.
384 1794 462 1853 Num
485 1794 563 1853 inter
583 1800 685 1854 cetero
707 1793 787 1853 mnis
807 1793 883 1855 illud
903 1795 1076 1870 pessimum
1095 1802 1147 1865 est,

171 1880 254 1954 quod
271 1878 344 1940 vitiu
358 1877 428 1953 ipsa
447 1884 608 1938 mutamus.
637 1876 683 1937 sie
697 1893 735 1936 ne
754 1876 813 1937 hoc
834 1877 958 1953 quidem
973 1878 1065 1940 nobis
1079 1893 1148 1940 con·

171 1962 258 2038 tingit
271 1976 452 2037 permanere
468 1962 497 2022 in
512 1963 593 2022 malo
607 1960 672 2020 inm¹
685 1959 833 2021 lumilinri.
858 1961 942 2022 uliud
956 1977 997 2022 ex
1010 1962 1074 2024 ulio
1087 1962 1147 2038 plo·

171 2054 221 2108 cet
239 2054 392 2120 vexatque
414 2061 472 2106 nos
493 2045 552 2106 hoc
574 2059 713 2120 quoque,
736 2043 821 2119 quud
840 2043 953 2106 iudicio
966 2053 1076 2108 nostru
1089 2060 1148 2106 non

170 2137 285 2192 tnntnm
301 2146 410 2206 prnva,
431 2130 488 2190 sed
502 2129 592 2189 etium
611 2129 690 2188 levin
704 2136 785 2189 sunt
807 2126 992 2190 fluctuamus
1006 2128 1150 2205 aliudque

171 2230 211 2274 ex
226 2215 285 2275 ulio
301 2213 590 2289 conprehendimus.
611 2213 705 2287 petita
718 2211 927 2288 relinquimus,
941 2213 1051 2275 relietu
1063 2228 1149 2290 repe·

141 2300 270 2366 stimus.
300 2298 446 2358 Alternue
466 2298 544 2357 inter
564 2296 760 2370 cupiditatem
783 2303 919 2359 nostrum
939 2303 971 2357 et
990 2294 1149 2372 poeniten·

170 2383 240 2442 tlnrn
261 2383 346 2442 vices
367 2387 447 2441 sunt
476 2380 646 2455 pendemus
662 2379 744 2440 enim
764 2382 818 2442 toti
840 2397 881 2440 ex
901 2379 1011 2442 olienis
1030 2377 1150 2443 iudiciis

172 2472 201 2523 et
213 2465 245 2524 id
260 2465 407 2539 optimum
426 2463 516 2524 nobis
533 2463 665 2538 videtur,
688 2464 772 2539 quod
792 2464 939 2539 petitores
958 2465 1150 2527 laudatores·

173 2562 233 2620 que
248 2547 359 2607 multos
374 2545 480 2618 hotot,
500 2562 562 2605 non
575 2546 608 2605 id
623 2546 706 2622 quod
722 2547 909 2609 laudandum
923 2549 1151 2626 petendumque

171 2637 227 2689 est.
255 2644 312 2688 nec
326 2628 407 2689 vium
426 2628 591 2689 bonumne
611 2630 721 2691 mulum
740 2646 797 2706 per
810 2647 846 2692 se
860 2631 1075 2707 aestimemus,
1096 2632 1151 2694 sed

142 2712 258 2775 tturbn
272 2711 479 2787 vestigiorum,
494 2712 526 2771 in
541 2713 652 2789 quibus
664 2714 748 2775 nulla
759 2722 830 2775 sunt
839 2716 1040 2778 redeuntium.
1059 2716 1149 2778 Diues

172 2794 256 2858 mihi:
288 2796 385 2873 „quid
404 2794 471 2872 egis
493 2795 632 2859 Senscnl
662 2798 781 2859 deseris
802 2806 927 2875 pariesi
954 2808 1039 2863 ccrts
1056 2799 1150 2863 Stoici

171 2881 268 2942 nostri
288 2880 406 2942 dicunm
426 2897 529 2958 usque
549 2883 590 2943 ad
608 2882 745 2944 ultimum
758 2884 839 2944 vitus
852 2883 944 2944 finem
960 2881 992 2944 in
1007 2891 1081 2946 uctu
1094 2883 1150 2945 eri·

171 2980 256 3038 mus,
278 2981 339 3025 non
354 2965 530 3027 desinemus
545 2967 696 3029 communi
714 2967 797 3029 bono
814 2982 939 3042 opernm
955 2967 1046 3043 dure,
1064 2966 1149 3029 udin·

171 3062 245 3106 vare
260 3047 408 3124 singulos,
424 3065 514 3124 opem
530 3051 610 3111 terre
621 3051 710 3113 etium
724 3049 854 3113 inimicis
867 3053 955 3114 senili
966 3068 1071 3114 muno
1092 3067 1149 3113 nos

172 3146 293 3203 sumus,
320 3133 372 3207 qni
391 3133 481 3193 nuliis
502 3136 590 3194 annis
612 3133 802 3196 vacationem
823 3135 931 3196 damus
953 3143 984 3197 et
1004 3137 1092 3231 quod
1112 3136 1151 3197 nit

170 3214 220 3273 ille
233 3212 280 3273 vir
296 3214 525 3289 disertissimus,

446 3260 585 3360 canitiem
595 3303 687 3375 palea
697 3307 869 3378 premimus.

171 3397 229 3440 nos
246 3397 366 3454 sumus,
389 3381 471 3457 apud
487 3399 565 3457 quos
580 3400 680 3460 usque
696 3402 733 3447 eo
748 3387 822 3448 nihil
836 3395 906 3448 ante
920 3394 1051 3451 mortem
1076 3389 1145 3453 otio·
