<?xml version="1.0" encoding="UTF-8"?>
<!DOCTYPE html PUBLIC "-//W3C//DTD XHTML 1.0 Transitional//EN"
    "http://www.w3.org/TR/xhtml1/DTD/xhtml1-transitional.dtd">
<html xmlns="http://www.w3.org/1999/xhtml" xml:lang="en" lang="en">
 <head>
  <title>
</title>
<meta http-equiv="Content-Type" content="text/html;charset=utf-8" />
  <meta name='ocr-system' content='tesseract 3.04.00' />
  <meta name='ocr-capabilities' content='ocr_page ocr_carea ocr_par ocr_line ocrx_word'/>
</head>
<body>
  <div class='ocr_page' id='page_1' title='image "./lannaeisenecaeo03senegoog_0136.png"; bbox 0 0 2378 3856; ppageno 0'>
   <div class='ocr_carea' id='block_1_1' title="bbox 154 159 1137 262">
    <p class='ocr_par' dir='ltr' id='par_1_1' title="bbox 154 159 1137 262">
     <span class='ocr_line' id='line_1_1' title="bbox 154 159 1137 262; baseline 0.002 -2"><span class='ocrx_word' id='word_1_1' title='bbox 154 201 209 261; x_wconf 77' lang='lat' dir='ltr'><strong>no</strong></span> <span class='ocrx_word' id='word_1_2' title='bbox 231 198 415 260; x_wconf 75' lang='lat' dir='ltr'><strong>naeu-nin</strong></span> <span class='ocrx_word' id='word_1_3' title='bbox 435 198 486 259; x_wconf 84' lang='lat' dir='ltr'><strong>on</strong></span> <span class='ocrx_word' id='word_1_4' title='bbox 507 195 807 258; x_wconf 78' lang='lat' dir='ltr'><strong>consonnnonu.</strong></span> <span class='ocrx_word' id='word_1_5' title='bbox 836 205 939 260; x_wconf 84' lang='lat' dir='ltr'><strong>r-ro.</strong></span> <span class='ocrx_word' id='word_1_6' title='bbox 976 196 1040 262; x_wconf 84' lang='lat' dir='ltr'><strong>no</strong></span> <span class='ocrx_word' id='word_1_7' title='bbox 1132 159 1137 169; x_wconf 73' lang='grc'><strong>’</strong></span> 
     </span>
    </p>
   </div>
   <div class='ocr_carea' id='block_1_2' title="bbox 52 351 1068 3505">
    <p class='ocr_par' dir='ltr' id='par_1_2' title="bbox 52 351 1068 2344">
     <span class='ocr_line' id='line_1_2' title="bbox 59 351 1038 426; baseline -0.001 -13"><span class='ocrx_word' id='word_1_8' title='bbox 59 361 170 414; x_wconf 77' lang='lat' dir='ltr'><strong>murus.</strong></span> <span class='ocrx_word' id='word_1_9' title='bbox 204 358 249 412; x_wconf 83' lang='lat' dir='ltr'><strong>tot</strong></span> <span class='ocrx_word' id='word_1_10' title='bbox 268 351 382 410; x_wconf 76' lang='lat' dir='ltr'><strong>acerba</strong></span> <span class='ocrx_word' id='word_1_11' title='bbox 401 351 523 411; x_wconf 62' lang='lat' dir='ltr'><strong>tunnas</strong></span> <span class='ocrx_word' id='word_1_12' title='bbox 548 367 606 411; x_wconf 90' lang='lat' dir='ltr'><strong>nos</strong></span> <span class='ocrx_word' id='word_1_13' title='bbox 626 358 728 426; x_wconf 66' lang='lat' dir='ltr'><strong>togam</strong></span> <span class='ocrx_word' id='word_1_14' title='bbox 748 358 925 412; x_wconf 86' lang='lat' dir='ltr'><strong>nostrorum·</strong></span> <span class='ocrx_word' id='word_1_15' title='bbox 942 353 1038 413; x_wconf 85' lang='lat' dir='ltr'><strong>inien-</strong></span> 
     </span>
     <span class='ocr_line' id='line_1_3' title="bbox 58 432 1039 509; baseline -0.002 -11"><span class='ocrx_word' id='word_1_16' title='bbox 58 438 148 509; x_wconf 76' lang='lat' dir='ltr'><strong>uum,</strong></span> <span class='ocrx_word' id='word_1_17' title='bbox 169 451 229 495; x_wconf 90' lang='lat' dir='ltr'><strong>uos</strong></span> <span class='ocrx_word' id='word_1_18' title='bbox 248 434 383 493; x_wconf 81' lang='lat' dir='ltr'><strong>nriiitiem</strong></span> <span class='ocrx_word' id='word_1_19' title='bbox 404 439 434 493; x_wconf 90' lang='lat' dir='ltr'><strong>et</strong></span> <span class='ocrx_word' id='word_1_20' title='bbox 455 439 601 508; x_wconf 78' lang='lat' dir='ltr'><strong>paternae</strong></span> <span class='ocrx_word' id='word_1_21' title='bbox 615 433 791 494; x_wconf 79' lang='lat' dir='ltr'><strong>hereditatis</strong></span> <span class='ocrx_word' id='word_1_22' title='bbox 808 432 1039 496; x_wconf 78' lang='lat' dir='ltr'><strong>successionem</strong></span> 
     </span>
     <span class='ocr_line' id='line_1_4' title="bbox 59 515 1054 594; baseline 0.001 -15"><span class='ocrx_word' id='word_1_23' title='bbox 59 520 210 594; x_wconf 76' lang='lat' dir='ltr'><strong>agitamus</strong></span> <span class='ocrx_word' id='word_1_24' title='bbox 232 515 344 577; x_wconf 52' lang='lat' dir='ltr'><strong>unimus</strong></span> <span class='ocrx_word' id='word_1_25' title='bbox 371 523 417 577; x_wconf 88' lang='lat' dir='ltr'><strong>tot</strong></span> <span class='ocrx_word' id='word_1_26' title='bbox 437 517 563 577; x_wconf 81' lang='lat' dir='ltr'><strong>divitum</strong></span> <span class='ocrx_word' id='word_1_27' title='bbox 583 517 685 578; x_wconf 80' lang='lat' dir='ltr'><strong>subita</strong></span> <span class='ocrx_word' id='word_1_28' title='bbox 701 521 868 592; x_wconf 73' lang='lat' dir='ltr'><strong>pauperius</strong></span> <span class='ocrx_word' id='word_1_29' title='bbox 884 519 915 577; x_wconf 90' lang='lat' dir='ltr'><strong>in</strong></span> <span class='ocrx_word' id='word_1_30' title='bbox 929 521 1054 580; x_wconf 60' lang='lat' dir='ltr'><strong>ocutos*</strong></span> 
     </span>
     <span class='ocr_line' id='line_1_5' title="bbox 52 599 1038 678; baseline 0.002 -17"><span class='ocrx_word' id='word_1_31' title='bbox 52 601 165 662; x_wconf 70' lang='lat' dir='ltr'><strong>⁴incidit</strong></span> <span class='ocrx_word' id='word_1_32' title='bbox 186 605 217 660; x_wconf 85' lang='lat' dir='ltr'><strong>ct</strong></span> <span class='ocrx_word' id='word_1_33' title='bbox 235 600 326 660; x_wconf 79' lang='lat' dir='ltr'><strong>notis</strong></span> <span class='ocrx_word' id='word_1_34' title='bbox 342 615 517 675; x_wconf 87' lang='lat' dir='ltr'><strong>numquam</strong></span> <span class='ocrx_word' id='word_1_35' title='bbox 531 599 563 660; x_wconf 91' lang='lat' dir='ltr'><strong>in</strong></span> <span class='ocrx_word' id='word_1_36' title='bbox 578 607 709 660; x_wconf 81' lang='lat' dir='ltr'><strong>mentem</strong></span> <span class='ocrx_word' id='word_1_37' title='bbox 723 602 807 661; x_wconf 87' lang='lat' dir='ltr'><strong>venit</strong></span> <span class='ocrx_word' id='word_1_38' title='bbox 821 608 943 663; x_wconf 83' lang='lat' dir='ltr'><strong>nostrus</strong></span> <span class='ocrx_word' id='word_1_39' title='bbox 962 618 1038 678; x_wconf 82' lang='lat' dir='ltr'><strong>quo·</strong></span> 
     </span>
     <span class='ocr_line' id='line_1_6' title="bbox 60 681 1039 762; baseline 0.002 -18"><span class='ocrx_word' id='word_1_40' title='bbox 60 700 123 761; x_wconf 83' lang='lat' dir='ltr'><strong>quc</strong></span> <span class='ocrx_word' id='word_1_41' title='bbox 141 699 221 758; x_wconf 88' lang='lat' dir='ltr'><strong>opes</strong></span> <span class='ocrx_word' id='word_1_42' title='bbox 243 698 343 758; x_wconf 85' lang='lat' dir='ltr'><strong>aeque</strong></span> <span class='ocrx_word' id='word_1_43' title='bbox 362 682 393 742; x_wconf 92' lang='lat' dir='ltr'><strong>in</strong></span> <span class='ocrx_word' id='word_1_44' title='bbox 410 682 533 744; x_wconf 74' lang='lat' dir='ltr'><strong>tubrido</strong></span> <span class='ocrx_word' id='word_1_45' title='bbox 553 685 686 759; x_wconf 72' lang='lat' dir='ltr'><strong>positasz</strong></span> <span class='ocrx_word' id='word_1_46' title='bbox 712 681 847 744; x_wconf 77' lang='lat' dir='ltr'><strong>necesse</strong></span> <span class='ocrx_word' id='word_1_47' title='bbox 867 690 915 746; x_wconf 83' lang='lat' dir='ltr'><strong>est</strong></span> <span class='ocrx_word' id='word_1_48' title='bbox 934 687 1039 762; x_wconf 74' lang='lat' dir='ltr'><strong>imque</strong></span> 
     </span>
     <span class='ocr_line' id='line_1_7' title="bbox 59 765 1040 844; baseline 0 -15"><span class='ocrx_word' id='word_1_49' title='bbox 59 768 158 842; x_wconf 71' lang='lat' dir='ltr'><strong>manis</strong></span> <span class='ocrx_word' id='word_1_50' title='bbox 174 781 367 841; x_wconf 78' lang='lat' dir='ltr'><strong>corruamus,</strong></span> <span class='ocrx_word' id='word_1_51' title='bbox 389 766 441 842; x_wconf 74' lang='lat' dir='ltr'><strong>nui</strong></span> <span class='ocrx_word' id='word_1_52' title='bbox 463 766 552 841; x_wconf 84' lang='lat' dir='ltr'><strong>quusi</strong></span> <span class='ocrx_word' id='word_1_53' title='bbox 567 767 777 842; x_wconf 82' lang='lat' dir='ltr'><strong>exinopinata</strong></span> <span class='ocrx_word' id='word_1_54' title='bbox 793 765 926 828; x_wconf 81' lang='lat' dir='ltr'><strong>terimur.</strong></span> <span class='ocrx_word' id='word_1_55' title='bbox 955 783 1040 844; x_wconf 78' lang='lat' dir='ltr'><strong>noue</strong></span> 
     </span>
     <span class='ocr_line' id='line_1_8' title="bbox 59 850 1068 926; baseline 0.002 -15"><span class='ocrx_word' id='word_1_56' title='bbox 59 852 154 911; x_wconf 87' lang='lat' dir='ltr'><strong>mutto</strong></span> <span class='ocrx_word' id='word_1_57' title='bbox 170 857 240 911; x_wconf 86' lang='lat' dir='ltr'><strong>ente</strong></span> <span class='ocrx_word' id='word_1_58' title='bbox 248 853 359 926; x_wconf 79' lang='lat' dir='ltr'><strong>procul</strong></span> <span class='ocrx_word' id='word_1_59' title='bbox 369 853 433 910; x_wconf 79' lang='lat' dir='ltr'><strong>niso</strong></span> <span class='ocrx_word' id='word_1_60' title='bbox 448 861 533 924; x_wconf 80' lang='lat' dir='ltr'><strong>sunt,</strong></span> <span class='ocrx_word' id='word_1_61' title='bbox 549 850 721 925; x_wconf 81' lang='lat' dir='ltr'><strong>ianguidius</strong></span> <span class='ocrx_word' id='word_1_62' title='bbox 736 851 902 913; x_wconf 85' lang='lat' dir='ltr'><strong>incurrunt.</strong></span> <span class='ocrx_word' id='word_1_63' title='bbox 936 853 993 913; x_wconf 82' lang='lat' dir='ltr'><strong>Vis</strong></span> <span class='ocrx_word' id='word_1_64' title='bbox 1004 858 1068 912; x_wconf 73' lang='lat' dir='ltr'><strong>tut</strong></span> 
     </span>
     <span class='ocr_line' id='line_1_9' title="bbox 60 931 1038 1010; baseline 0 -15"><span class='ocrx_word' id='word_1_65' title='bbox 60 936 142 996; x_wconf 90' lang='lat' dir='ltr'><strong>scire</strong></span> <span class='ocrx_word' id='word_1_66' title='bbox 156 940 186 993; x_wconf 89' lang='lat' dir='ltr'><strong>te</strong></span> <span class='ocrx_word' id='word_1_67' title='bbox 200 933 240 1003; x_wconf 88' lang='lat' dir='ltr'><strong>ad</strong></span> <span class='ocrx_word' id='word_1_68' title='bbox 256 933 355 993; x_wconf 87' lang='lat' dir='ltr'><strong>omnis</strong></span> <span class='ocrx_word' id='word_1_69' title='bbox 371 934 544 1009; x_wconf 85' lang='lat' dir='ltr'><strong>expositum</strong></span> <span class='ocrx_word' id='word_1_70' title='bbox 562 933 640 994; x_wconf 85' lang='lat' dir='ltr'><strong>ictus</strong></span> <span class='ocrx_word' id='word_1_71' title='bbox 661 939 746 993; x_wconf 85' lang='lat' dir='ltr'><strong>stunc</strong></span> <span class='ocrx_word' id='word_1_72' title='bbox 755 941 789 994; x_wconf 83' lang='lat' dir='ltr'><strong>ct</strong></span> <span class='ocrx_word' id='word_1_73' title='bbox 802 935 853 994; x_wconf 82' lang='lat' dir='ltr'><strong>iiie</strong></span> <span class='ocrx_word' id='word_1_74' title='bbox 868 949 948 1010; x_wconf 86' lang='lat' dir='ltr'><strong>qnae</strong></span> <span class='ocrx_word' id='word_1_75' title='bbox 961 931 1038 995; x_wconf 78' lang='lat' dir='ltr'><strong>ailoe</strong></span> 
     </span>
     <span class='ocr_line' id='line_1_10' title="bbox 57 1015 1040 1094; baseline -0.002 -15"><span class='ocrx_word' id='word_1_76' title='bbox 57 1019 121 1079; x_wconf 87' lang='lat' dir='ltr'><strong>tela</strong></span> <span class='ocrx_word' id='word_1_77' title='bbox 144 1016 291 1088; x_wconf 82' lang='lat' dir='ltr'><strong>fixerunt,</strong></span> <span class='ocrx_word' id='word_1_78' title='bbox 319 1017 400 1076; x_wconf 88' lang='lat' dir='ltr'><strong>circu</strong></span> <span class='ocrx_word' id='word_1_79' title='bbox 423 1024 458 1076; x_wconf 82' lang='lat' dir='ltr'><strong>te</strong></span> <span class='ocrx_word' id='word_1_80' title='bbox 471 1015 634 1082; x_wconf 71' lang='lat' dir='ltr'><strong>moresca</strong></span> <span class='ocrx_word' id='word_1_81' title='bbox 665 1016 749 1077; x_wconf 89' lang='lat' dir='ltr'><strong>velut</strong></span> <span class='ocrx_word' id='word_1_82' title='bbox 769 1031 886 1078; x_wconf 79' lang='lat' dir='ltr'><strong>murum</strong></span> <span class='ocrx_word' id='word_1_83' title='bbox 907 1020 1040 1094; x_wconf 79' lang='lat' dir='ltr'><strong>aliquem</strong></span> 
     </span>
     <span class='ocr_line' id='line_1_11' title="bbox 60 1098 1039 1162; baseline 0.002 -2"><span class='ocrx_word' id='word_1_84' title='bbox 60 1108 115 1160; x_wconf 84' lang='lat' dir='ltr'><strong>aut</strong></span> <span class='ocrx_word' id='word_1_85' title='bbox 138 1098 303 1160; x_wconf 81' lang='lat' dir='ltr'><strong>obsessum</strong></span> <span class='ocrx_word' id='word_1_86' title='bbox 326 1101 421 1160; x_wconf 87' lang='lat' dir='ltr'><strong>multo</strong></span> <span class='ocrx_word' id='word_1_87' title='bbox 445 1099 537 1161; x_wconf 82' lang='lat' dir='ltr'><strong>hoste</strong></span> <span class='ocrx_word' id='word_1_88' title='bbox 560 1102 662 1162; x_wconf 87' lang='lat' dir='ltr'><strong>iocum</strong></span> <span class='ocrx_word' id='word_1_89' title='bbox 686 1108 717 1160; x_wconf 87' lang='lat' dir='ltr'><strong>et</strong></span> <span class='ocrx_word' id='word_1_90' title='bbox 737 1100 863 1160; x_wconf 91' lang='lat' dir='ltr'><strong>arduum</strong></span> <span class='ocrx_word' id='word_1_91' title='bbox 885 1101 1039 1162; x_wconf 75' lang='lat' dir='ltr'><strong>adsoemu</strong></span> 
     </span>
     <span class='ocr_line' id='line_1_12' title="bbox 61 1182 1037 1258; baseline 0 -14"><span class='ocrx_word' id='word_1_92' title='bbox 61 1182 221 1244; x_wconf 87' lang='lat' dir='ltr'><strong>semermis</strong></span> <span class='ocrx_word' id='word_1_93' title='bbox 237 1183 348 1254; x_wconf 77' lang='lat' dir='ltr'><strong>adeas,</strong></span> <span class='ocrx_word' id='word_1_94' title='bbox 372 1190 522 1258; x_wconf 79' lang='lat' dir='ltr'><strong>exspecto</strong></span> <span class='ocrx_word' id='word_1_95' title='bbox 541 1184 653 1243; x_wconf 88' lang='lat' dir='ltr'><strong>volnus</strong></span> <span class='ocrx_word' id='word_1_96' title='bbox 674 1189 704 1241; x_wconf 91' lang='lat' dir='ltr'><strong>et</strong></span> <span class='ocrx_word' id='word_1_97' title='bbox 721 1183 771 1241; x_wconf 85' lang='lat' dir='ltr'><strong>iila</strong></span> <span class='ocrx_word' id='word_1_98' title='bbox 786 1198 920 1258; x_wconf 88' lang='lat' dir='ltr'><strong>superne</strong></span> <span class='ocrx_word' id='word_1_99' title='bbox 933 1186 1037 1244; x_wconf 81' lang='lat' dir='ltr'><strong>voten-</strong></span> 
     </span>
     <span class='ocr_line' id='line_1_13' title="bbox 60 1264 1039 1341; baseline -0.001 -14"><span class='ocrx_word' id='word_1_100' title='bbox 60 1266 103 1327; x_wconf 88' lang='lat' dir='ltr'><strong>tiu</strong></span> <span class='ocrx_word' id='word_1_101' title='bbox 124 1283 192 1327; x_wconf 86' lang='lat' dir='ltr'><strong>cunr</strong></span> <span class='ocrx_word' id='word_1_102' title='bbox 214 1267 333 1341; x_wconf 74' lang='lat' dir='ltr'><strong>sagittis</strong></span> <span class='ocrx_word' id='word_1_103' title='bbox 353 1265 488 1340; x_wconf 80' lang='lat' dir='ltr'><strong>pilisque</strong></span> <span class='ocrx_word' id='word_1_104' title='bbox 508 1280 584 1325; x_wconf 81' lang='lat' dir='ltr'><strong>suno</strong></span> <span class='ocrx_word' id='word_1_105' title='bbox 606 1266 636 1324; x_wconf 91' lang='lat' dir='ltr'><strong>iu</strong></span> <span class='ocrx_word' id='word_1_106' title='bbox 657 1272 741 1325; x_wconf 85' lang='lat' dir='ltr'><strong>tumn</strong></span> <span class='ocrx_word' id='word_1_107' title='bbox 761 1273 836 1339; x_wconf 78' lang='lat' dir='ltr'><strong>pute</strong></span> <span class='ocrx_word' id='word_1_108' title='bbox 850 1264 957 1326; x_wconf 74' lang='lat' dir='ltr'><strong>libratu</strong></span> <span class='ocrx_word' id='word_1_109' title='bbox 972 1282 1039 1326; x_wconf 93' lang='lat' dir='ltr'><strong>cor-</strong></span> 
     </span>
     <span class='ocr_line' id='line_1_14' title="bbox 60 1347 1038 1426; baseline -0.001 -17"><span class='ocrx_word' id='word_1_110' title='bbox 60 1366 130 1426; x_wconf 86' lang='lat' dir='ltr'><strong>pus.</strong></span> <span class='ocrx_word' id='word_1_111' title='bbox 161 1350 303 1425; x_wconf 84' lang='lat' dir='ltr'><strong>quotiens</strong></span> <span class='ocrx_word' id='word_1_112' title='bbox 322 1349 439 1424; x_wconf 80' lang='lat' dir='ltr'><strong>aliquid</strong></span> <span class='ocrx_word' id='word_1_113' title='bbox 459 1347 498 1407; x_wconf 81' lang='lat' dir='ltr'><strong>ed</strong></span> <span class='ocrx_word' id='word_1_114' title='bbox 519 1351 599 1409; x_wconf 85' lang='lat' dir='ltr'><strong>tatus</strong></span> <span class='ocrx_word' id='word_1_115' title='bbox 619 1355 672 1408; x_wconf 85' lang='lat' dir='ltr'><strong>aut</strong></span> <span class='ocrx_word' id='word_1_116' title='bbox 691 1360 773 1422; x_wconf 87' lang='lat' dir='ltr'><strong>ponc</strong></span> <span class='ocrx_word' id='word_1_117' title='bbox 787 1354 904 1423; x_wconf 77' lang='lat' dir='ltr'><strong>tergum</strong></span> <span class='ocrx_word' id='word_1_118' title='bbox 916 1348 1038 1408; x_wconf 52' lang='lat' dir='ltr'><strong>¹cecide-</strong></span> 
     </span>
     <span class='ocr_line' id='line_1_15' title="bbox 59 1431 1040 1506; baseline -0.002 -14"><span class='ocrx_word' id='word_1_119' title='bbox 59 1433 114 1505; x_wconf 88' lang='lat' dir='ltr'><strong>rit‚</strong></span> <span class='ocrx_word' id='word_1_120' title='bbox 136 1434 290 1493; x_wconf 65' lang='lat' dir='ltr'><strong>exulemus</strong></span> <span class='ocrx_word' id='word_1_121' title='bbox 317 1447 399 1504; x_wconf 89' lang='lat' dir='ltr'><strong>„uon</strong></span> <span class='ocrx_word' id='word_1_122' title='bbox 419 1431 557 1506; x_wconf 83' lang='lat' dir='ltr'><strong>decipies</strong></span> <span class='ocrx_word' id='word_1_123' title='bbox 575 1439 641 1503; x_wconf 85' lang='lat' dir='ltr'><strong>me,</strong></span> <span class='ocrx_word' id='word_1_124' title='bbox 662 1431 801 1504; x_wconf 71' lang='lat' dir='ltr'><strong>fortuna,</strong></span> <span class='ocrx_word' id='word_1_125' title='bbox 824 1445 881 1491; x_wconf 88' lang='lat' dir='ltr'><strong>nec</strong></span> <span class='ocrx_word' id='word_1_126' title='bbox 897 1440 1040 1492; x_wconf 84' lang='lat' dir='ltr'><strong>securum</strong></span> 
     </span>
     <span class='ocr_line' id='line_1_16' title="bbox 61 1512 1039 1590; baseline -0.002 -14"><span class='ocrx_word' id='word_1_127' title='bbox 61 1523 116 1577; x_wconf 83' lang='lat' dir='ltr'><strong>eut</strong></span> <span class='ocrx_word' id='word_1_128' title='bbox 129 1518 339 1589; x_wconf 76' lang='lat' dir='ltr'><strong>neglegentem</strong></span> <span class='ocrx_word' id='word_1_129' title='bbox 357 1515 523 1589; x_wconf 84' lang='lat' dir='ltr'><strong>opprimes.</strong></span> <span class='ocrx_word' id='word_1_130' title='bbox 549 1513 616 1576; x_wconf 82' lang='lat' dir='ltr'><strong>scio</strong></span> <span class='ocrx_word' id='word_1_131' title='bbox 639 1512 715 1589; x_wconf 71' lang='lat' dir='ltr'><strong>quid</strong></span> <span class='ocrx_word' id='word_1_132' title='bbox 731 1528 838 1589; x_wconf 78' lang='lat' dir='ltr'><strong>pares:</strong></span> <span class='ocrx_word' id='word_1_133' title='bbox 861 1513 952 1575; x_wconf 80' lang='lat' dir='ltr'><strong>aliurn</strong></span> <span class='ocrx_word' id='word_1_134' title='bbox 968 1513 1039 1590; x_wconf 68' lang='lat' dir='ltr'><strong>oin-</strong></span> 
     </span>
     <span class='ocr_line' id='line_1_17' title="bbox 63 1594 1068 1674; baseline 0.002 -16"><span class='ocrx_word' id='word_1_135' title='bbox 63 1601 134 1659; x_wconf 89' lang='lat' dir='ltr'><strong>dem</strong></span> <span class='ocrx_word' id='word_1_136' title='bbox 148 1594 338 1673; x_wconf 82' lang='lat' dir='ltr'><strong>percussisti,</strong></span> <span class='ocrx_word' id='word_1_137' title='bbox 355 1598 411 1658; x_wconf 79' lang='lat' dir='ltr'><strong>sed</strong></span> <span class='ocrx_word' id='word_1_138' title='bbox 425 1600 475 1656; x_wconf 83' lang='lat' dir='ltr'><strong>me</strong></span> <span class='ocrx_word' id='word_1_139' title='bbox 489 1599 623 1673; x_wconf 80' lang='lat' dir='ltr'><strong>petisti.⁴‘</strong></span> <span class='ocrx_word' id='word_1_140' title='bbox 651 1597 724 1672; x_wconf 75' lang='lat' dir='ltr'><strong>Quis</strong></span> <span class='ocrx_word' id='word_1_141' title='bbox 738 1605 883 1674; x_wconf 82' lang='lat' dir='ltr'><strong>umquam</strong></span> <span class='ocrx_word' id='word_1_142' title='bbox 900 1612 951 1658; x_wconf 84' lang='lat' dir='ltr'><strong>res</strong></span> <span class='ocrx_word' id='word_1_143' title='bbox 965 1606 1068 1660; x_wconf 77' lang='lat' dir='ltr'><strong>suast</strong></span> 
     </span>
     <span class='ocr_line' id='line_1_18' title="bbox 63 1680 1037 1758; baseline -0.002 -16"><span class='ocrx_word' id='word_1_144' title='bbox 63 1683 152 1758; x_wconf 81' lang='lat' dir='ltr'><strong>quusi</strong></span> <span class='ocrx_word' id='word_1_145' title='bbox 168 1682 321 1756; x_wconf 87' lang='lat' dir='ltr'><strong>periturus</strong></span> <span class='ocrx_word' id='word_1_146' title='bbox 336 1680 500 1756; x_wconf 76' lang='lat' dir='ltr'><strong>udsperritt</strong></span> <span class='ocrx_word' id='word_1_147' title='bbox 526 1682 597 1757; x_wconf 82' lang='lat' dir='ltr'><strong>quis</strong></span> <span class='ocrx_word' id='word_1_148' title='bbox 611 1696 758 1757; x_wconf 82' lang='lat' dir='ltr'><strong>umquam</strong></span> <span class='ocrx_word' id='word_1_149' title='bbox 771 1689 906 1742; x_wconf 80' lang='lat' dir='ltr'><strong>vestrum</strong></span> <span class='ocrx_word' id='word_1_150' title='bbox 921 1682 962 1740; x_wconf 88' lang='lat' dir='ltr'><strong>de</strong></span> <span class='ocrx_word' id='word_1_151' title='bbox 971 1683 1037 1740; x_wconf 83' lang='lat' dir='ltr'><strong>cxi-</strong></span> 
     </span>
     <span class='ocr_line' id='line_1_19' title="bbox 62 1763 1038 1840; baseline 0 -16"><span class='ocrx_word' id='word_1_152' title='bbox 62 1767 118 1839; x_wconf 86' lang='lat' dir='ltr'><strong>lin,</strong></span> <span class='ocrx_word' id='word_1_153' title='bbox 140 1766 180 1825; x_wconf 86' lang='lat' dir='ltr'><strong>de</strong></span> <span class='ocrx_word' id='word_1_154' title='bbox 200 1772 350 1840; x_wconf 81' lang='lat' dir='ltr'><strong>egestate,</strong></span> <span class='ocrx_word' id='word_1_155' title='bbox 374 1765 413 1824; x_wconf 90' lang='lat' dir='ltr'><strong>de</strong></span> <span class='ocrx_word' id='word_1_156' title='bbox 427 1765 511 1824; x_wconf 84' lang='lat' dir='ltr'><strong>tuctu</strong></span> <span class='ocrx_word' id='word_1_157' title='bbox 526 1763 661 1840; x_wconf 76' lang='lat' dir='ltr'><strong>cogitare</strong></span> <span class='ocrx_word' id='word_1_158' title='bbox 674 1780 770 1826; x_wconf 81' lang='lat' dir='ltr'><strong>ansus</strong></span> <span class='ocrx_word' id='word_1_159' title='bbox 786 1772 855 1825; x_wconf 73' lang='lat' dir='ltr'><strong>estu</strong></span> <span class='ocrx_word' id='word_1_160' title='bbox 882 1765 951 1840; x_wconf 88' lang='lat' dir='ltr'><strong>quis</strong></span> <span class='ocrx_word' id='word_1_161' title='bbox 966 1779 1038 1837; x_wconf 89' lang='lat' dir='ltr'><strong>non,</strong></span> 
     </span>
     <span class='ocr_line' id='line_1_20' title="bbox 62 1847 1040 1924; baseline -0.002 -14"><span class='ocrx_word' id='word_1_162' title='bbox 62 1851 91 1910; x_wconf 90' lang='lat' dir='ltr'><strong>si</strong></span> <span class='ocrx_word' id='word_1_163' title='bbox 105 1849 304 1909; x_wconf 83' lang='lat' dir='ltr'><strong>admoncatur</strong></span> <span class='ocrx_word' id='word_1_164' title='bbox 316 1854 350 1908; x_wconf 80' lang='lat' dir='ltr'><strong>ut</strong></span> <span class='ocrx_word' id='word_1_165' title='bbox 363 1847 491 1923; x_wconf 78' lang='lat' dir='ltr'><strong>cogitet,</strong></span> <span class='ocrx_word' id='word_1_166' title='bbox 512 1849 668 1924; x_wconf 79' lang='lat' dir='ltr'><strong>tamquam</strong></span> <span class='ocrx_word' id='word_1_167' title='bbox 689 1848 787 1909; x_wconf 82' lang='lat' dir='ltr'><strong>diram</strong></span> <span class='ocrx_word' id='word_1_168' title='bbox 809 1847 899 1909; x_wconf 81' lang='lat' dir='ltr'><strong>omen</strong></span> <span class='ocrx_word' id='word_1_169' title='bbox 913 1856 1040 1922; x_wconf 81' lang='lat' dir='ltr'><strong>respuat</strong></span> 
     </span>
     <span class='ocr_line' id='line_1_21' title="bbox 62 1930 1038 2008; baseline 0 -17"><span class='ocrx_word' id='word_1_170' title='bbox 62 1940 94 1991; x_wconf 90' lang='lat' dir='ltr'><strong>et</strong></span> <span class='ocrx_word' id='word_1_171' title='bbox 112 1933 143 1990; x_wconf 90' lang='lat' dir='ltr'><strong>iu</strong></span> <span class='ocrx_word' id='word_1_172' title='bbox 165 1933 266 2007; x_wconf 82' lang='lat' dir='ltr'><strong>cupita</strong></span> <span class='ocrx_word' id='word_1_173' title='bbox 285 1931 475 1992; x_wconf 83' lang='lat' dir='ltr'><strong>inimicorum</strong></span> <span class='ocrx_word' id='word_1_174' title='bbox 495 1939 547 1992; x_wconf 86' lang='lat' dir='ltr'><strong>eut</strong></span> <span class='ocrx_word' id='word_1_175' title='bbox 564 1933 663 2006; x_wconf 85' lang='lat' dir='ltr'><strong>ipsius</strong></span> <span class='ocrx_word' id='word_1_176' title='bbox 683 1930 889 2008; x_wconf 74' lang='lat' dir='ltr'><strong>intempestivi</strong></span> <span class='ocrx_word' id='word_1_177' title='bbox 910 1932 1038 1993; x_wconf 89' lang='lat' dir='ltr'><strong>monito-</strong></span> 
     </span>
     <span class='ocr_line' id='line_1_22' title="bbox 62 2013 1068 2090; baseline 0.002 -17"><span class='ocrx_word' id='word_1_178' title='bbox 62 2016 106 2073; x_wconf 92' lang='lat' dir='ltr'><strong>ris</strong></span> <span class='ocrx_word' id='word_1_179' title='bbox 122 2013 205 2072; x_wconf 78' lang='lat' dir='ltr'><strong>obire</strong></span> <span class='ocrx_word' id='word_1_180' title='bbox 225 2014 277 2073; x_wconf 85' lang='lat' dir='ltr'><strong>iiia</strong></span> <span class='ocrx_word' id='word_1_181' title='bbox 297 2014 418 2074; x_wconf 69' lang='lat' dir='ltr'><strong>iubeat!</strong></span> <span class='ocrx_word' id='word_1_182' title='bbox 447 2015 534 2088; x_wconf 87' lang='lat' dir='ltr'><strong>„Non</strong></span> <span class='ocrx_word' id='word_1_183' title='bbox 554 2015 659 2090; x_wconf 78' lang='lat' dir='ltr'><strong>pdtuui</strong></span> <span class='ocrx_word' id='word_1_184' title='bbox 674 2016 838 2076; x_wconf 79' lang='lat' dir='ltr'><strong>futurum.“</strong></span> <span class='ocrx_word' id='word_1_185' title='bbox 871 2016 1068 2090; x_wconf 81' lang='lat' dir='ltr'><strong>Quicquams</strong></span> 
     </span>
     <span class='ocr_line' id='line_1_23' title="bbox 63 2096 1039 2173; baseline 0.001 -16"><span class='ocrx_word' id='word_1_186' title='bbox 63 2107 96 2157; x_wconf 91' lang='lat' dir='ltr'><strong>tu</strong></span> <span class='ocrx_word' id='word_1_187' title='bbox 111 2103 201 2170; x_wconf 88' lang='lat' dir='ltr'><strong>putus</strong></span> <span class='ocrx_word' id='word_1_188' title='bbox 217 2112 278 2157; x_wconf 92' lang='lat' dir='ltr'><strong>non</strong></span> <span class='ocrx_word' id='word_1_189' title='bbox 293 2098 440 2168; x_wconf 82' lang='lat' dir='ltr'><strong>futurum,</strong></span> <span class='ocrx_word' id='word_1_190' title='bbox 457 2098 541 2172; x_wconf 89' lang='lat' dir='ltr'><strong>quod</strong></span> <span class='ocrx_word' id='word_1_191' title='bbox 555 2097 658 2159; x_wconf 88' lang='lat' dir='ltr'><strong>multis</strong></span> <span class='ocrx_word' id='word_1_192' title='bbox 673 2099 735 2157; x_wconf 87' lang='lat' dir='ltr'><strong>scis</strong></span> <span class='ocrx_word' id='word_1_193' title='bbox 751 2114 846 2173; x_wconf 87' lang='lat' dir='ltr'><strong>posse</strong></span> <span class='ocrx_word' id='word_1_194' title='bbox 860 2098 938 2170; x_wconf 65' lang='lat' dir='ltr'><strong>fieri·</strong></span> <span class='ocrx_word' id='word_1_195' title='bbox 954 2096 1039 2173; x_wconf 88' lang='lat' dir='ltr'><strong>quod</strong></span> 
     </span>
     <span class='ocr_line' id='line_1_24' title="bbox 63 2179 1039 2256; baseline 0.001 -17"><span class='ocrx_word' id='word_1_196' title='bbox 63 2180 165 2239; x_wconf 88' lang='lat' dir='ltr'><strong>multis</strong></span> <span class='ocrx_word' id='word_1_197' title='bbox 180 2180 266 2239; x_wconf 84' lang='lat' dir='ltr'><strong>rides</strong></span> <span class='ocrx_word' id='word_1_198' title='bbox 282 2179 450 2240; x_wconf 73' lang='lat' dir='ltr'><strong>evenisset</strong></span> <span class='ocrx_word' id='word_1_199' title='bbox 473 2181 634 2256; x_wconf 70' lang='lat' dir='ltr'><strong>Egregnrur</strong></span> <span class='ocrx_word' id='word_1_200' title='bbox 654 2185 778 2240; x_wconf 83' lang='lat' dir='ltr'><strong>versum</strong></span> <span class='ocrx_word' id='word_1_201' title='bbox 799 2189 829 2240; x_wconf 90' lang='lat' dir='ltr'><strong>et</strong></span> <span class='ocrx_word' id='word_1_202' title='bbox 848 2181 971 2254; x_wconf 80' lang='lat' dir='ltr'><strong>dignum</strong></span> <span class='ocrx_word' id='word_1_203' title='bbox 985 2181 1039 2255; x_wconf 75' lang='lat' dir='ltr'><strong>oui</strong></span> 
     </span>
     <span class='ocr_line' id='line_1_25' title="bbox 55 2263 756 2344; baseline 0.006 -28"><span class='ocrx_word' id='word_1_204' title='bbox 55 2279 125 2323; x_wconf 63' lang='lat' dir='ltr'><strong>,non</strong></span> <span class='ocrx_word' id='word_1_205' title='bbox 141 2278 158 2321; x_wconf 90' lang='lat' dir='ltr'><strong>e</strong></span> <span class='ocrx_word' id='word_1_206' title='bbox 172 2263 289 2336; x_wconf 81' lang='lat' dir='ltr'><strong>populo</strong></span> <span class='ocrx_word' id='word_1_207' title='bbox 304 2263 413 2322; x_wconf 85' lang='lat' dir='ltr'><strong>exiret:</strong></span> <span class='ocrx_word' id='word_1_208' title='bbox 755 2340 756 2344; x_wconf 7' lang='grc' dir='ltr'><strong>Ἰ</strong></span> 
     </span>
    </p>

    <p class='ocr_par' dir='ltr' id='par_1_3' title="bbox 56 2343 1067 3505">
     <span class='ocr_line' id='line_1_26' title="bbox 194 2343 910 2422; baseline -0.003 -16"><span class='ocrx_word' id='word_1_209' title='bbox 194 2347 287 2406; x_wconf 75' lang='lat' dir='ltr'><strong>cuivis</strong></span> <span class='ocrx_word' id='word_1_210' title='bbox 297 2351 394 2421; x_wconf 80' lang='lat' dir='ltr'><strong>potest</strong></span> <span class='ocrx_word' id='word_1_211' title='bbox 405 2346 543 2406; x_wconf 82' lang='lat' dir='ltr'><strong>occidere</strong></span> <span class='ocrx_word' id='word_1_212' title='bbox 556 2347 636 2420; x_wconf 74' lang='lat' dir='ltr'><strong>poco</strong></span> <span class='ocrx_word' id='word_1_213' title='bbox 647 2347 783 2420; x_wconf 69' lang='lat' dir='ltr'><strong>octonum</strong></span> <span class='ocrx_word' id='word_1_214' title='bbox 795 2343 910 2422; x_wconf 79' lang='lat' dir='ltr'><strong>potest!</strong></span> 
     </span>
     <span class='ocr_line' id='line_1_27' title="bbox 62 2427 1039 2503; baseline -0.003 -14"><span class='ocrx_word' id='word_1_215' title='bbox 62 2431 117 2490; x_wconf 87' lang='lat' dir='ltr'><strong>lite</strong></span> <span class='ocrx_word' id='word_1_216' title='bbox 136 2427 238 2488; x_wconf 86' lang='lat' dir='ltr'><strong>omisit</strong></span> <span class='ocrx_word' id='word_1_217' title='bbox 258 2429 389 2489; x_wconf 77' lang='lat' dir='ltr'><strong>liberos:</strong></span> <span class='ocrx_word' id='word_1_218' title='bbox 416 2435 448 2487; x_wconf 91' lang='lat' dir='ltr'><strong>et</strong></span> <span class='ocrx_word' id='word_1_219' title='bbox 465 2434 499 2487; x_wconf 82' lang='lat' dir='ltr'><strong>tu</strong></span> <span class='ocrx_word' id='word_1_220' title='bbox 519 2428 655 2488; x_wconf 81' lang='lat' dir='ltr'><strong>amittere</strong></span> <span class='ocrx_word' id='word_1_221' title='bbox 676 2434 775 2503; x_wconf 63' lang='lat' dir='ltr'><strong>potes·</strong></span> <span class='ocrx_word' id='word_1_222' title='bbox 808 2428 858 2488; x_wconf 89' lang='lat' dir='ltr'><strong>ilie</strong></span> <span class='ocrx_word' id='word_1_223' title='bbox 878 2427 1039 2488; x_wconf 76' lang='lat' dir='ltr'><strong>damnatus</strong></span> 
     </span>
     <span class='ocr_line' id='line_1_28' title="bbox 63 2509 1039 2586; baseline -0.003 -13"><span class='ocrx_word' id='word_1_224' title='bbox 63 2520 126 2574; x_wconf 83' lang='lat' dir='ltr'><strong>est=</strong></span> <span class='ocrx_word' id='word_1_225' title='bbox 152 2518 183 2572; x_wconf 91' lang='lat' dir='ltr'><strong>et</strong></span> <span class='ocrx_word' id='word_1_226' title='bbox 199 2520 252 2573; x_wconf 83' lang='lat' dir='ltr'><strong>tuo</strong></span> <span class='ocrx_word' id='word_1_227' title='bbox 271 2512 445 2572; x_wconf 84' lang='lat' dir='ltr'><strong>innocentia</strong></span> <span class='ocrx_word' id='word_1_228' title='bbox 464 2511 523 2571; x_wconf 81' lang='lat' dir='ltr'><strong>sub</strong></span> <span class='ocrx_word' id='word_1_229' title='bbox 544 2512 606 2571; x_wconf 88' lang='lat' dir='ltr'><strong>ictu</strong></span> <span class='ocrx_word' id='word_1_230' title='bbox 625 2513 681 2571; x_wconf 82' lang='lat' dir='ltr'><strong>cet.</strong></span> <span class='ocrx_word' id='word_1_231' title='bbox 715 2519 813 2573; x_wconf 85' lang='lat' dir='ltr'><strong>terror</strong></span> <span class='ocrx_word' id='word_1_232' title='bbox 832 2510 954 2586; x_wconf 80' lang='lat' dir='ltr'><strong>decipit</strong></span> <span class='ocrx_word' id='word_1_233' title='bbox 989 2509 1039 2570; x_wconf 87' lang='lat' dir='ltr'><strong>iric</strong></span> 
     </span>
     <span class='ocr_line' id='line_1_29' title="bbox 63 2593 1039 2671; baseline -0.003 -15"><span class='ocrx_word' id='word_1_234' title='bbox 63 2595 232 2668; x_wconf 80' lang='lat' dir='ltr'><strong>effeminat,</strong></span> <span class='ocrx_word' id='word_1_235' title='bbox 254 2596 326 2656; x_wconf 91' lang='lat' dir='ltr'><strong>dum</strong></span> <span class='ocrx_word' id='word_1_236' title='bbox 347 2594 477 2669; x_wconf 85' lang='lat' dir='ltr'><strong>patimur</strong></span> <span class='ocrx_word' id='word_1_237' title='bbox 498 2611 577 2671; x_wconf 85' lang='lat' dir='ltr'><strong>quae</strong></span> <span class='ocrx_word' id='word_1_238' title='bbox 598 2596 760 2669; x_wconf 86' lang='lat' dir='ltr'><strong>numquam</strong></span> <span class='ocrx_word' id='word_1_239' title='bbox 782 2595 844 2670; x_wconf 85' lang='lat' dir='ltr'><strong>pati</strong></span> <span class='ocrx_word' id='word_1_240' title='bbox 864 2611 922 2656; x_wconf 93' lang='lat' dir='ltr'><strong>nos</strong></span> <span class='ocrx_word' id='word_1_241' title='bbox 944 2593 1039 2670; x_wconf 86' lang='lat' dir='ltr'><strong>posse</strong></span> 
     </span>
     <span class='ocr_line' id='line_1_30' title="bbox 63 2679 1040 2755; baseline -0.004 -16"><span class='ocrx_word' id='word_1_242' title='bbox 63 2679 265 2754; x_wconf 87' lang='lat' dir='ltr'><strong>providimus.</strong></span> <span class='ocrx_word' id='word_1_243' title='bbox 305 2679 404 2739; x_wconf 80' lang='lat' dir='ltr'><strong>aufert</strong></span> <span class='ocrx_word' id='word_1_244' title='bbox 426 2679 494 2737; x_wconf 76' lang='lat' dir='ltr'><strong>vini</strong></span> <span class='ocrx_word' id='word_1_245' title='bbox 512 2679 725 2753; x_wconf 84' lang='lat' dir='ltr'><strong>praesentibus</strong></span> <span class='ocrx_word' id='word_1_246' title='bbox 749 2680 837 2739; x_wconf 83' lang='lat' dir='ltr'><strong>mutis</strong></span> <span class='ocrx_word' id='word_1_247' title='bbox 862 2679 915 2755; x_wconf 87' lang='lat' dir='ltr'><strong>qui</strong></span> <span class='ocrx_word' id='word_1_248' title='bbox 938 2681 1040 2739; x_wconf 79' lang='lat' dir='ltr'><strong>futura</strong></span> 
     </span>
     <span class='ocr_line' id='line_1_31' title="bbox 63 2763 660 2838; baseline 0 -16"><span class='ocrx_word' id='word_1_249' title='bbox 63 2763 235 2838; x_wconf 85' lang='lat' dir='ltr'><strong>prospexit.</strong></span> <span class='ocrx_word' id='word_1_250' title='bbox 657 2764 660 2769; x_wconf 78' lang='grc'><strong><em>’</em></strong></span> 
     </span>
     <span class='ocr_line' id='line_1_32' title="bbox 56 2842 1067 2918; baseline -0.001 -15"><span class='ocrx_word' id='word_1_251' title='bbox 56 2867 59 2879; x_wconf 70' lang='lat'><em>,</em></span> <span class='ocrx_word' id='word_1_252' title='bbox 125 2845 162 2903; x_wconf 89' lang='lat' dir='ltr'><strong>X.</strong></span> <span class='ocrx_word' id='word_1_253' title='bbox 185 2843 336 2918; x_wconf 80' lang='lat' dir='ltr'><strong>Quicquid</strong></span> <span class='ocrx_word' id='word_1_254' title='bbox 352 2850 401 2903; x_wconf 89' lang='lat' dir='ltr'><strong>est</strong></span> <span class='ocrx_word' id='word_1_255' title='bbox 421 2844 495 2915; x_wconf 85' lang='lat' dir='ltr'><strong>hoc,</strong></span> <span class='ocrx_word' id='word_1_256' title='bbox 514 2843 643 2916; x_wconf 86' lang='lat' dir='ltr'><strong>Marcie,</strong></span> <span class='ocrx_word' id='word_1_257' title='bbox 667 2844 751 2918; x_wconf 91' lang='lat' dir='ltr'><strong>quod</strong></span> <span class='ocrx_word' id='word_1_258' title='bbox 765 2845 847 2903; x_wconf 86' lang='lat' dir='ltr'><strong>circe</strong></span> <span class='ocrx_word' id='word_1_259' title='bbox 861 2859 918 2902; x_wconf 88' lang='lat' dir='ltr'><strong>nos</strong></span> <span class='ocrx_word' id='word_1_260' title='bbox 934 2859 973 2902; x_wconf 88' lang='lat' dir='ltr'><strong>ex</strong></span> <span class='ocrx_word' id='word_1_261' title='bbox 987 2842 1067 2902; x_wconf 35' lang='lat' dir='ltr'><strong>ader</strong></span> 
     </span>
     <span class='ocr_line' id='line_1_33' title="bbox 63 2925 1039 3000; baseline -0.005 -13"><span class='ocrx_word' id='word_1_262' title='bbox 63 2927 196 2987; x_wconf 88' lang='lat' dir='ltr'><strong>ventioio</strong></span> <span class='ocrx_word' id='word_1_263' title='bbox 212 2926 321 3000; x_wconf 81' lang='lat' dir='ltr'><strong>fulget,</strong></span> <span class='ocrx_word' id='word_1_264' title='bbox 336 2926 439 2997; x_wconf 72' lang='lat' dir='ltr'><strong>liberi,‘</strong></span> <span class='ocrx_word' id='word_1_265' title='bbox 454 2926 603 2996; x_wconf 86' lang='lat' dir='ltr'><strong>honores,</strong></span> <span class='ocrx_word' id='word_1_266' title='bbox 625 2941 718 3000; x_wconf 86' lang='lat' dir='ltr'><strong>opes,</strong></span> <span class='ocrx_word' id='word_1_267' title='bbox 738 2927 841 2999; x_wconf 84' lang='lat' dir='ltr'><strong>ampla</strong></span> <span class='ocrx_word' id='word_1_268' title='bbox 855 2926 931 2984; x_wconf 89' lang='lat' dir='ltr'><strong>utria</strong></span> <span class='ocrx_word' id='word_1_269' title='bbox 945 2931 976 2983; x_wconf 87' lang='lat' dir='ltr'><strong>et</strong></span> <span class='ocrx_word' id='word_1_270' title='bbox 988 2925 1039 2982; x_wconf 76' lang='lat' dir='ltr'><strong>&#39;eir-</strong></span> 
     </span>
     <span class='ocr_line' id='line_1_34' title="bbox 65 3006 1039 3078; baseline -0.004 -8"><span class='ocrx_word' id='word_1_271' title='bbox 65 3011 220 3070; x_wconf 90' lang='lat' dir='ltr'><strong>olusorum</strong></span> <span class='ocrx_word' id='word_1_272' title='bbox 234 3007 387 3068; x_wconf 89' lang='lat' dir='ltr'><strong>clientium</strong></span> <span class='ocrx_word' id='word_1_273' title='bbox 401 3007 490 3068; x_wconf 86' lang='lat' dir='ltr'><strong>turbu</strong></span> <span class='ocrx_word' id='word_1_274' title='bbox 504 3008 616 3066; x_wconf 80' lang='lat' dir='ltr'><strong>referta</strong></span> <span class='ocrx_word' id='word_1_275' title='bbox 630 3007 793 3078; x_wconf 88' lang='lat' dir='ltr'><strong>vestibula,</strong></span> <span class='ocrx_word' id='word_1_276' title='bbox 816 3009 912 3078; x_wconf 84' lang='lat' dir='ltr'><strong>ciere,</strong></span> <span class='ocrx_word' id='word_1_277' title='bbox 927 3006 1039 3066; x_wconf 84' lang='lat' dir='ltr'><strong>nobilis</strong></span> 
     </span>
     <span class='ocr_line' id='line_1_35' title="bbox 64 3088 1040 3163; baseline -0.003 -10"><span class='ocrx_word' id='word_1_278' title='bbox 64 3102 116 3153; x_wconf 81' lang='lat' dir='ltr'><strong>aut</strong></span> <span class='ocrx_word' id='word_1_279' title='bbox 136 3094 272 3152; x_wconf 77' lang='lat' dir='ltr'><strong>formosa</strong></span> <span class='ocrx_word' id='word_1_280' title='bbox 292 3090 405 3151; x_wconf 88' lang='lat' dir='ltr'><strong>c&#39;oniux</strong></span> <span class='ocrx_word' id='word_1_281' title='bbox 423 3098 585 3163; x_wconf 87' lang='lat' dir='ltr'><strong>ceteraque</strong></span> <span class='ocrx_word' id='word_1_282' title='bbox 606 3106 645 3149; x_wconf 87' lang='lat' dir='ltr'><strong>cx</strong></span> <span class='ocrx_word' id='word_1_283' title='bbox 664 3091 781 3149; x_wconf 87' lang='lat' dir='ltr'><strong>incerta</strong></span> <span class='ocrx_word' id='word_1_284' title='bbox 794 3097 825 3150; x_wconf 88' lang='lat' dir='ltr'><strong>et</strong></span> <span class='ocrx_word' id='word_1_285' title='bbox 838 3088 947 3150; x_wconf 80' lang='lat' dir='ltr'><strong>mohin</strong></span> <span class='ocrx_word' id='word_1_286' title='bbox 955 3097 1040 3150; x_wconf 88' lang='lat' dir='ltr'><strong>sorte</strong></span> 
     </span>
     <span class='ocr_line' id='line_1_36' title="bbox 64 3171 1054 3252; baseline -0.006 -18"><span class='ocrx_word' id='word_1_287' title='bbox 64 3177 231 3252; x_wconf 84' lang='lat' dir='ltr'><strong>pendentia</strong></span> <span class='ocrx_word' id='word_1_288' title='bbox 262 3174 351 3235; x_wconf 82' lang='lat' dir='ltr'><strong>alieni</strong></span> <span class='ocrx_word' id='word_1_289' title='bbox 384 3173 629 3248; x_wconf 84' lang='lat' dir='ltr'><strong>commodatique</strong></span> <span class='ocrx_word' id='word_1_290' title='bbox 659 3174 825 3247; x_wconf 82' lang='lat' dir='ltr'><strong>adparatus</strong></span> <span class='ocrx_word' id='word_1_291' title='bbox 851 3171 931 3234; x_wconf 88' lang='lat' dir='ltr'><strong>sunt.</strong></span> <span class='ocrx_word' id='word_1_292' title='bbox 966 3172 1054 3233; x_wconf 87' lang='lat' dir='ltr'><strong>nihil.</strong></span> 
     </span>
     <span class='ocr_line' id='line_1_37' title="bbox 63 3256 1040 3320; baseline -0.005 -1"><span class='ocrx_word' id='word_1_293' title='bbox 63 3261 174 3320; x_wconf 87' lang='lat' dir='ltr'><strong>horum</strong></span> <span class='ocrx_word' id='word_1_294' title='bbox 194 3259 278 3319; x_wconf 94' lang='lat' dir='ltr'><strong>douo</strong></span> <span class='ocrx_word' id='word_1_295' title='bbox 298 3258 401 3318; x_wconf 72' lang='lat' dir='ltr'><strong>datum</strong></span> <span class='ocrx_word' id='word_1_296' title='bbox 431 3257 589 3317; x_wconf 82' lang='lat' dir='ltr'><strong>coituticiis</strong></span> <span class='ocrx_word' id='word_1_297' title='bbox 613 3257 707 3316; x_wconf 87' lang='lat' dir='ltr'><strong>etad</strong></span> <span class='ocrx_word' id='word_1_298' title='bbox 731 3256 872 3317; x_wconf 87' lang='lat' dir='ltr'><strong>dominos</strong></span> <span class='ocrx_word' id='word_1_299' title='bbox 897 3257 1040 3317; x_wconf 87' lang='lat' dir='ltr'><strong>redituris</strong></span> 
     </span>
     <span class='ocr_line' id='line_1_38' title="bbox 64 3337 1041 3415; baseline -0.005 -14"><span class='ocrx_word' id='word_1_300' title='bbox 64 3344 274 3403; x_wconf 85' lang='lat' dir='ltr'><strong>instrumentis</strong></span> <span class='ocrx_word' id='word_1_301' title='bbox 288 3357 384 3402; x_wconf 86' lang='lat' dir='ltr'><strong>scene</strong></span> <span class='ocrx_word' id='word_1_302' title='bbox 397 3340 572 3401; x_wconf 87' lang='lat' dir='ltr'><strong>adornatur.</strong></span> <span class='ocrx_word' id='word_1_303' title='bbox 593 3340 652 3399; x_wconf 81' lang='lat' dir='ltr'><strong>eliu</strong></span> <span class='ocrx_word' id='word_1_304' title='bbox 666 3357 706 3399; x_wconf 85' lang='lat' dir='ltr'><strong>ex</strong></span> <span class='ocrx_word' id='word_1_305' title='bbox 721 3338 769 3400; x_wconf 82' lang='lat' dir='ltr'><strong>his</strong></span> <span class='ocrx_word' id='word_1_306' title='bbox 785 3341 882 3415; x_wconf 87' lang='lat' dir='ltr'><strong>primo</strong></span> <span class='ocrx_word' id='word_1_307' title='bbox 898 3340 962 3408; x_wconf 91' lang='lat' dir='ltr'><strong>die,</strong></span> <span class='ocrx_word' id='word_1_308' title='bbox 981 3337 1041 3396; x_wconf 84' lang='lat' dir='ltr'><strong>aliu</strong></span> 
     </span>
     <span class='ocr_line' id='line_1_39' title="bbox 66 3419 1041 3505; baseline -0.002 -23"><span class='ocrx_word' id='word_1_309' title='bbox 66 3426 204 3485; x_wconf 86' lang='lat' dir='ltr'><strong>secundo</strong></span> <span class='ocrx_word' id='word_1_310' title='bbox 219 3426 395 3505; x_wconf 79' lang='lat' dir='ltr'><strong>referentur,</strong></span> <span class='ocrx_word' id='word_1_311' title='bbox 411 3439 512 3498; x_wconf 86' lang='lat' dir='ltr'><strong>panca</strong></span> <span class='ocrx_word' id='word_1_312' title='bbox 525 3424 675 3500; x_wconf 87' lang='lat' dir='ltr'><strong>usquead</strong></span> <span class='ocrx_word' id='word_1_313' title='bbox 687 3423 778 3482; x_wconf 84' lang='lat' dir='ltr'><strong>tinem</strong></span> <span class='ocrx_word' id='word_1_314' title='bbox 790 3419 1041 3498; x_wconf 85' lang='lat' dir='ltr'><strong>perseverabunt.</strong></span> 
     </span>
    </p>
   </div>
   <div class='ocr_carea' id='block_1_3' title="bbox 0 0 1200 3856">
    <p class='ocr_par' dir='ltr' id='par_1_4' title="bbox 0 0 1200 3856">
     <span class='ocr_line' id='line_1_40' title="bbox 0 0 1200 3856; baseline 0 0"><span class='ocrx_word' id='word_1_315' title='bbox 0 0 1200 3856; x_wconf 95' lang='lat' dir='ltr'><strong> </strong></span> 
     </span>
    </p>
   </div>
  </div>
 </body>
</html>
