2378 3856
174 197 235 263 122
384 207 417 264 L.
437 205 584 265 ANNAEI
604 196 779 265 SENECAE
800 206 902 266 ulau.
916 206 970 266 vl.

142 371 157 424 1
238 359 300 419 llll.
323 357 435 417 Dolor
455 362 554 429 tuus,
577 354 603 415 si
618 355 710 416 modo
725 357 787 415 ulla
800 356 842 415 illi
856 358 933 418 ratio
948 366 1008 433 est,
1023 370 1154 423 utrum

174 446 411 516 susspectat
431 439 731 500 incommodaan
753 439 837 500 eius
863 442 928 514 qui
948 442 1154 506 docessltt

173 534 296 588 utrum
322 530 359 582 te
379 522 524 582 amisso
552 522 641 582 lilio
660 530 801 596 movet,
830 524 933 599 quod
954 526 1091 588 nullas
1110 538 1153 589 ex

174 604 702 682 illovoluptatesoepisses,
724 621 768 664 an
785 607 888 681 quod
908 606 1100 685 maiores,
1122 613 1151 672 si

174 688 524 761 diutiusvixisset,
545 689 753 763 percipere
775 687 966 763 potuistit
995 690 1032 752 Si
1053 695 1150 754 nullas

174 775 354 851 percepisse
380 780 411 831 te
437 770 562 844 dixeris,
583 771 770 831 tolerabilius
795 771 913 833 elllcies
934 772 1150 837 detrimentum

173 868 267 919 tuum.
297 857 396 917 minus
411 855 490 914 enim
504 853 643 913 homines
661 854 837 915 desiderant
849 871 895 929 ea,
919 870 960 915 ox
975 858 1094 932 quibus
1109 860 1147 919 ni·

173 942 213 1001 hil
237 939 339 1015 gaudii
369 937 562 1012 laetitiaeque
587 944 797 1013 perceperant.
838 939 865 998 si
887 941 1038 1001 contessa
1058 944 1148 1003 locris

173 1023 353 1099 percepisse
364 1034 492 1093 magnus
503 1021 687 1095 voluptates,
703 1028 824 1096 oportet
837 1029 867 1081 te
881 1038 942 1082 non
958 1022 1000 1083 de
1012 1039 1055 1085 eo
1067 1027 1147 1102 quod

173 1106 342 1165 detractum
356 1110 404 1162 est
417 1102 513 1177 queri,
535 1104 592 1162 sed
607 1103 646 1162 de
661 1118 698 1163 eo
712 1104 825 1179 gratias
839 1118 931 1179 agere
945 1107 1034 1183 quod
1056 1113 1146 1170 conti·

141 1189 223 1264 agit.
253 1192 459 1263 provenerunt
478 1185 559 1246 enim
573 1185 648 1245 satis
662 1188 762 1262 magni
779 1188 896 1248 tructus
918 1189 1063 1252 laborum
1085 1200 1146 1253 tuo·

172 1288 240 1333 rum
254 1286 292 1331 ex
306 1271 376 1346 ipsa
382 1270 573 1341 educatione,
588 1269 647 1328 nisi
662 1270 740 1329 lorte
753 1270 793 1344 bi,
813 1271 865 1345 qni
876 1272 996 1333 catulos
1010 1289 1146 1352 avesque

172 1364 202 1416 et
215 1355 324 1415 nivola
344 1353 512 1414 animorum
534 1353 756 1413 oblectamenta
776 1362 895 1414 summa
913 1354 1075 1432 diligentia
1094 1376 1145 1419 nu·

172 1441 272 1512 triunt,
288 1436 535 1510 fruunturaliqna
546 1436 749 1511 voluptateex
759 1435 830 1497 visu
843 1444 1027 1514 tactuqueet
1036 1440 1146 1502 blanda

172 1522 512 1592 adulationemutorom,
527 1518 642 1580 liberos
650 1519 850 1581 nutrientibus
867 1537 927 1581 non
940 1524 1061 1584 hactus
1075 1525 1145 1586 edu-

173 1604 300 1665 cationis
322 1604 391 1677 ipsa
405 1601 545 1661 educatio
567 1609 623 1662 est.
651 1603 721 1663 licet
740 1603 843 1678 itaque
863 1605 904 1663 nil
924 1606 978 1665 tibi
997 1606 1146 1669 industria

172 1688 238 1748 eius
254 1686 423 1756 contulerit,
439 1684 511 1743 nihil
526 1684 681 1759 diligentia
695 1686 880 1760 custodierit,
895 1687 970 1748 nihil
984 1690 1146 1765 prodentia

172 1772 332 1849 sua[serit],
347 1768 450 1843 ipsum
464 1766 548 1843 quod
563 1767 705 1840 habuisti,
721 1770 805 1843 quod
820 1771 937 1844 amasti,
952 1771 1074 1835 tructus
1088 1782 1142 1835 est.

139 1855 230 1929 3‚,At
252 1852 348 1929 potuit
368 1852 488 1926 longior
508 1866 579 1911 esse
606 1852 754 1929 [maior].“
793 1854 901 1913 melias
923 1863 1028 1916 tamen
1047 1864 1144 1918 tecum

171 1943 271 1996 actum
284 1940 332 1995 est
343 1950 434 2010 quam
446 1936 473 1995 si
485 1935 608 1994 omnino
621 1950 681 1995 non
695 1935 882 2010 contigisset,
899 1938 1046 2012 quoniam
1053 1941 1081 2000 si
1092 1956 1144 2016 po·

171 2027 260 2078 natur
280 2018 403 2092 electio,
424 2025 524 2079 utrum
545 2018 641 2078 satius
661 2018 700 2078 sit
720 2034 781 2079 non
802 2020 855 2079 diu
875 2020 993 2081 felicem
1014 2038 1090 2084 esse
1108 2038 1144 2083 on

170 2116 344 2178 numquam,
365 2102 474 2163 mellus
495 2109 543 2160 est
563 2101 740 2162 discessura
753 2102 843 2163 nobis
860 2102 942 2164 bona
956 2116 1051 2181 quum
1063 2108 1146 2167 nulla

171 2187 356 2261 contingere.
383 2186 531 2246 Utrumne
549 2185 656 2244 malles
678 2184 861 2260 degenerem
882 2186 1016 2262 aliquem
1037 2197 1068 2259 et
1093 2206 1144 2249 un·

171 2285 287 2330 merum
311 2277 427 2330 tantum
453 2282 626 2341 nomenque
647 2267 699 2327 filii
721 2270 913 2344 expleturum
937 2269 1088 2333 habuisse
1108 2290 1144 2333 an

170 2361 272 2415 motae
292 2353 417 2425 indoliS,
440 2357 572 2427 quantae
590 2357 661 2411 tuus
682 2350 757 2411 luitt
784 2352 902 2414 iuvenis
923 2352 983 2415 cito
997 2354 1144 2430 prudens,

172 2437 230 2497 cito
246 2436 325 2510 pius,
342 2437 401 2496 cito
416 2434 553 2506 maritus,
569 2433 629 2494 cito
638 2441 732 2509 pater,
749 2436 808 2496 cito
821 2435 919 2497 omnis
934 2436 1031 2498 olficii
1045 2438 1144 2498 curlo

140 2532 234 2592 osus,
256 2517 317 2576 cito
334 2516 490 2590 sacerdos,
513 2517 615 2577 omnia
633 2526 786 2593 uniquam
807 2532 1027 2595 praepropera.
1066 2520 1145 2582 Nulli

171 2600 235 2658 lere
250 2615 360 2674 magna
374 2599 456 2659 bona
477 2607 507 2659 et
520 2599 661 2660 diotuma
676 2601 862 2676 contingunt.
891 2618 952 2663 non
973 2603 1067 2664 durat
1087 2616 1145 2665 nec

171 2681 211 2741 ad
225 2682 359 2741 ultimum
374 2682 437 2740 exit
450 2680 509 2741 nisi
529 2682 610 2743 lenta
624 2683 768 2744 felicitas:
797 2685 890 2744 lilium
909 2685 963 2746 tibi
978 2684 1011 2746 di
1033 2688 1140 2748 inmor-

169 2766 247 2825 tales
262 2780 323 2824 non
338 2764 390 2823 diu
405 2764 504 2824 daturi
519 2766 620 2825 statim
634 2768 723 2826 talem
739 2766 896 2842 dederunt,
917 2770 1016 2842 qualis
1033 2770 1088 2831 diu
1102 2770 1143 2832 el·

170 2848 220 2908 lici
237 2853 346 2923 potest
360 2848 405 2907 Ne
419 2847 493 2907 illud
507 2849 629 2923 quidem
641 2850 744 2910 dicere
758 2857 846 2924 potes
858 2852 995 2926 electam,
1006 2859 1038 2913 te
1052 2868 1072 2912 a
1087 2854 1144 2926 dis,

171 2933 219 2992 cui
234 2933 292 2992 hui
311 2947 372 2992 non
394 2931 498 2991 liceret
519 2931 594 2993 tilios
624 2933 754 2993 circuire
774 2947 970 3007 peromnem
991 2942 1144 3007 notorum,

170 3015 340 3088 ignotorum
357 3016 554 3090 frequentiam
571 3018 690 3086 oculos,
713 3023 920 3076 occurrent
940 3017 1011 3077 tibi
1034 3021 1145 3094 passi

169 3096 313 3172 ubique
328 3099 482 3159 maiora.
505 3105 666 3159 senserunt
676 3098 735 3157 ista
745 3099 846 3172 magni
857 3098 963 3174 duces,
978 3112 1146 3164 senserunt

170 3179 335 3255 principes.
364 3197 402 3240 ne
417 3182 494 3242 deos
510 3179 633 3256 quidem
648 3180 770 3259 tabulae
784 3182 924 3243 inmunes
944 3184 1144 3260 reliquerunt,

170 3268 252 3336 puto,
268 3269 301 3322 ut
313 3272 486 3325 nostrorum
505 3265 645 3322 lunerum
667 3264 867 3324 levamentum
882 3272 967 3325 esset
986 3269 1079 3327 etiam
1101 3270 1141 3328 di·

169 3345 240 3405 vina
253 3345 425 3407 concidere.
454 3345 663 3420 circumspice,
677 3347 810 3422 inquam,
827 3347 942 3408 omnls=
958 3351 1075 3410 nullam
1089 3350 1144 3412 mi-

170 3443 270 3488 seram
284 3428 454 3489 nominabis
469 3428 602 3502 domum,
619 3444 698 3503 quae
713 3445 775 3489 non
786 3429 921 3490 inveniat
937 3432 967 3490 in
982 3432 1145 3495 miseriore
