2378 3856
270 218 374 278 DIAL.
397 217 447 276 ΙΙΙ.
479 218 531 277 DE
548 217 617 279 IRA
637 217 710 278 LIB.
731 220 754 277 Ι.
777 229 906 281 11-13.
931 240 941 258 ·
1034 219 1075 282 45

87 372 217 435 tioribus
238 376 271 430 et
288 369 395 430 relicto
410 368 512 429 iudice
535 371 575 429 ad
596 385 741 431 coronam
761 372 859 432 venis.
889 373 962 447 quia
982 390 1071 434 unus·

88 456 225 533 quisque
246 450 279 512 in
301 453 453 514 eiusmodi
475 468 600 512 suorum
616 468 692 514 casu
712 454 866 529 irascitur,
888 463 976 530 putas
997 455 1074 516 iudi-

87 546 215 601 caturos
234 535 377 598 homines
398 537 429 596 id
445 536 511 596 fieri
528 536 651 610 debere,
667 538 751 612 quod
766 538 888 598 iaciunt.
916 539 980 598 iere
996 540 1075 599 enim

86 624 202 685 iustum
224 620 359 695 quisque
386 620 539 701 adiectum
560 618 687 690 iudicat,
718 636 806 694 quem
829 623 977 694 agnoscit.
1013 624 1105 683 ira-4

86 712 219 768 scantur
238 703 313 764 boni
332 702 391 763 viri
412 720 468 778 pro
484 718 612 764 suorum
629 703 762 763 iniuriis:
784 703 935 764 sedidem
951 704 1073 778 iaciunt,

87 792 114 851 si
134 788 228 849 calda
248 802 312 848 non
334 788 414 847 bene
434 786 613 861 praebetur,
637 787 663 846 si
677 787 806 848 vitreum
821 787 948 848 fractum
964 797 1025 864 est,
1048 790 1075 850 si

87 875 215 934 calceus
235 871 300 931 luto
320 886 451 945 sparsus
466 876 522 930 est
554 871 620 930 Non
635 870 734 944 pietas
748 870 829 930 itiam
843 872 933 945 iram,
958 873 1014 932 sed
1029 873 1073 932 in-

85 954 218 1019 firmitas
232 961 351 1028 movet,
374 954 454 1014 siout
468 953 590 1028 pueris,
614 954 665 1028 qui
679 961 739 1014 tam
756 954 933 1030 parentibus
948 956 1071 1016 amissis

86 1040 210 1101 debunt
230 1052 323 1113 quam
344 1037 486 1098 nucibus.
512 1037 607 1096 Irasci
626 1053 683 1112 pro
698 1036 763 1098 suis
778 1054 840 1098 non
857 1046 904 1099 est
917 1038 959 1114 pii
973 1040 1073 1111 animi,
1086 1053 1102 1105 5

88 1124 147 1184 sed
166 1121 288 1182 iniirmi.
317 1120 396 1181 lilud
411 1118 572 1195 pulchrum
587 1121 787 1195 dignumque,
809 1138 864 1194 pro
885 1123 1073 1196 parentibus,

88 1206 211 1278 liberis,
234 1204 355 1276 amicis,
379 1203 497 1264 civibus
518 1203 643 1278 prodire
664 1205 856 1263 defensorem
878 1205 947 1278 ipso
970 1206 1072 1265 oiiicio

89 1291 238 1362 ducente,
252 1288 421 1360 veientem,
436 1287 636 1360 iudicantem,
654 1287 882 1362 providentem,
899 1303 960 1347 non
974 1289 1072 1362 inpui-

89 1388 160 1434 sum
172 1378 203 1432 et
215 1371 366 1431 rabidum.
389 1373 491 1431 nulius
506 1370 585 1430 enim
597 1371 737 1430 adiectus
748 1371 922 1430 vindicandi
936 1372 1074 1445 cupidior

89 1464 139 1517 est
154 1471 247 1531 quam
267 1455 313 1513 ira
334 1461 364 1515 et
385 1454 425 1516 ob
440 1455 472 1513 id
486 1455 588 1527 ipsum
603 1455 643 1513 ad
657 1454 875 1513 vindicandum
890 1460 972 1527 [tom]
989 1454 1073 1513 inha-

86 1538 178 1612 bilis,
192 1538 394 1614 praerapidus
411 1545 442 1597 et
456 1553 578 1611 amens,
600 1544 633 1598 ut
647 1537 745 1598 omnis
761 1538 824 1596 iere
839 1539 990 1614 cupiditas
1005 1538 1073 1613 ipsa

89 1622 152 1683 sibi
166 1622 196 1681 in
212 1621 242 1680 id
258 1622 288 1680 in
302 1621 387 1697 quod
403 1628 551 1697 properat
565 1622 745 1696 opponitur=
760 1621 864 1696 itaque
879 1638 935 1682 neo
950 1624 980 1681 in
996 1638 1073 1696 paco

90 1705 196 1765 necin
211 1704 290 1765 betto
305 1721 452 1781 umquam
466 1705 548 1766 bono
565 1706 630 1766 tuit.
653 1721 760 1781 pacem
771 1706 851 1764 enim
863 1706 991 1764 similem
1002 1706 1073 1764 beili
1119 1720 1126 1737 r

90 1788 200 1863 efficit,
215 1788 245 1847 in
261 1790 353 1849 armis
367 1805 442 1849 vero
457 1789 645 1850 obliviscitur
655 1789 781 1849 Martem
796 1804 867 1848 esse
882 1804 1073 1850 communem

89 1873 238 1947 venitque
252 1872 282 1932 in
297 1873 428 1932 alienam
442 1874 639 1946 potestatem,
655 1873 726 1932 dum
742 1872 772 1929 in
788 1887 845 1932 sua
859 1888 919 1932 non
936 1880 992 1933 est.
1014 1872 1101 1935 Ite-o

89 1954 164 2015 inde
184 1972 246 2016 non
267 1956 338 2016 ideo
358 1955 433 2015 vitia
451 1955 482 2015 in
503 1972 592 2016 usum
611 1956 789 2028 recipienda
813 1963 900 2030 sunt,
927 1957 998 2031 quia
1019 1956 1071 2014 ati-

91 2038 217 2114 quando
233 2038 348 2113 aliquid
358 2038 534 2100 effecerunt.
557 2055 626 2099 nam
641 2046 671 2099 et
683 2039 784 2098 iebres
798 2041 948 2114 quaedam
959 2054 1072 2114 genera

89 2122 269 2182 valitudinis
284 2123 400 2194 levant,
416 2138 473 2183 nec
487 2121 558 2183 ideo
576 2140 637 2184 non
653 2138 692 2181 ex
705 2129 769 2182 toto
784 2121 843 2182 iltis
859 2124 995 2183 caruisse
1009 2137 1071 2180 me·

90 2203 153 2264 lius
166 2211 229 2264 asta
242 2204 475 2266 abominandum
485 2207 611 2266 remedii
623 2222 719 2281 genus
732 2215 779 2267 est
790 2207 946 2266 sanitatem
959 2206 1071 2265 debere

90 2286 214 2348 morbo.
243 2285 339 2346 Simili
352 2290 443 2350 modo
464 2290 523 2362 ira,
545 2288 634 2350 etiam
651 2290 677 2351 si
693 2289 857 2364 aliquando
873 2295 906 2348 ut
920 2303 1071 2347 venenum

91 2379 122 2432 et
137 2370 350 2447 praecipitatio
373 2377 403 2430 ot
416 2375 605 2448 naufragium
626 2389 665 2432 ex
684 2373 842 2447 inopinato
860 2371 986 2444 proiuit,
1010 2386 1070 2429 non

90 2455 162 2517 ideo
178 2454 321 2516 salutaris
341 2453 502 2517 iudicanda
516 2464 572 2517 est.
601 2472 696 2531 saepe
717 2456 797 2515 enim
814 2456 903 2515 saluti
919 2456 1003 2513 iuere
1018 2469 1070 2528 pe·

92 2540 206 2598 sitiera.

152 2623 230 2683 Xill.
252 2622 369 2683 Deinde
384 2638 463 2698 quae
478 2623 619 2683 habenda
632 2632 702 2685 sunt
714 2627 756 2697 [io
766 2626 866 2702 boniet
883 2640 944 2699 quo
956 2624 1071 2682 maiora
1084 2635 1098 2684 1

91 2722 129 2767 eo
144 2705 271 2767 meliora
286 2714 316 2767 et
330 2707 513 2781 optabiliora
527 2715 606 2767 sunt.
629 2706 661 2766 Si
676 2708 788 2769 iustitia
803 2710 916 2768 bonum
935 2714 995 2780 est,
1018 2722 1069 2765 ne—

90 2805 141 2851 mo
158 2789 240 2851 dicet
255 2789 413 2851 meliorem
426 2791 571 2864 suturam,
587 2791 614 2850 si
630 2786 704 2865 quid
719 2793 885 2853 detractum
902 2807 940 2850 ex
955 2807 991 2850 ea
1006 2793 1069 2850 ine—

89 2872 138 2934 rit.
172 2873 198 2933 si
225 2873 371 2934 iortitudo
392 2872 505 2934 bonum
526 2883 586 2949 est,
613 2890 702 2935 nemo
723 2877 802 2935 itiam
826 2874 1013 2935 desiderabit
1032 2884 1098 2934 exa

91 2956 195 3033 aliqua
215 2962 302 3031 parte
317 2956 465 3017 deminui:
487 2973 561 3032 orgo
582 2964 611 3018 et
631 2959 677 3017 ira
692 2975 752 3033 quo
767 2959 863 3017 maior
879 2957 1069 3015 hormetior.

92 3040 161 3116 quis
178 3041 259 3100 enim
273 3037 364 3100 ullius
378 3040 451 3100 boni
466 3041 676 3102 accessionem
691 3041 899 3103 recusaverit?
919 3040 1002 3116 atqui
1017 3056 1069 3101 au·

91 3124 156 3198 geri
171 3125 253 3184 iilam
272 3123 378 3184 inutile
393 3130 454 3184 est:
477 3141 550 3200 ergo
565 3133 595 3186 et
608 3142 688 3186 essa.
714 3126 782 3186 Non
797 3131 844 3185 est
857 3126 970 3185 bonum
987 3124 1071 3200 quod

90 3205 278 3268 incremento
293 3209 404 3267 maium
420 3207 461 3268 fit.
484 3210 600 3282 ‚‚Utitis‚
617 3211 721 3284 inquit,
737 3211 783 3270 ira
797 3216 853 3284 est,
870 3210 941 3285 quia
955 3218 1099 3284 pugna-3

93 3292 193 3351 riores
209 3291 311 3351 iacit.“
333 3291 394 3351 Isto
411 3293 503 3352 modo
519 3299 548 3352 et
563 3293 710 3354 ebrietas:
724 3295 796 3355 iacit
811 3295 891 3354 enim
908 3301 1070 3369 protervos

92 3378 124 3434 et
144 3374 278 3435 audaces
299 3375 445 3451 multique
466 3376 608 3436 meliores
628 3379 665 3437 ad
688 3379 800 3437 ierrum
821 3379 907 3438 inere
921 3376 1000 3434 male
1019 3388 1071 3435 so·

92 3456 159 3517 brii.
186 3460 245 3518 isto
259 3458 353 3519 modo
368 3460 417 3519 die
439 3466 469 3519 et
490 3459 652 3535 phrenesin
675 3468 766 3536 atque
788 3459 937 3520 insaniam
954 3455 1020 3517 virli
