2378 3856
113 193 154 258 76
403 194 435 253 L.
458 193 604 254 ΑΝΝΑΕΙ
626 192 801 254 SENECAE

83 346 239 422 equidem
266 345 420 421 expediat.
454 344 486 404 C.
507 344 620 404 Caesar
640 343 777 405 Pastoris
803 343 957 420 splendidi
981 344 1100 422 equitis

111 431 240 492 Romani
261 429 356 489 illium
376 444 445 489 cum
466 428 496 488 in
518 427 657 488 custodio
677 428 836 488 habuisset
855 427 1013 490 munditiis
1029 431 1099 493 eius

113 522 143 573 et
157 511 335 574 cultioribus
358 511 475 587 capillis
498 510 655 586 offensus,
676 520 802 586 rogante
816 519 902 587 patre
916 516 951 571 ut
964 514 1100 575 salutem

113 595 171 657 sibi
194 596 247 655 filii
263 596 460 668 concederet,
483 596 572 668 quasi
593 595 632 654 de
653 592 805 670 supplicio
827 592 1003 656 admonitus
1024 597 1100 659 duci

114 679 252 755 protinus
266 677 364 740 iussit.
394 694 433 739 ne
447 686 544 738 tamen
560 679 660 740 omnia
674 677 839 763 inhumane
855 679 970 740 laceret
984 681 1097 740 adver·

84 779 182 834 asum
198 770 328 838 patrem,
350 763 390 822 ud
405 777 533 823 coenam
548 763 630 822 illum
645 777 683 822 eo
698 762 748 821 die
767 760 912 822 invitavit
933 763 1029 824 Venit
1042 763 1098 824 Pa·

115 853 179 908 stor
193 848 278 906 voltu
292 845 364 905 nihil
379 845 592 919 exprobrante.
622 845 795 920 propinavit
815 843 857 904 illi
872 845 987 905 Caesar
1002 846 1099 908 bemi-

115 947 185 990 nam
199 938 230 989 et
249 927 353 1003 posuit
366 927 406 988 illi
423 928 591 988 custodem.
615 928 792 1003 perduravit
806 926 913 1002 miser,
929 944 993 989 non
1008 931 1098 993 aliter

116 1012 253 1086 quamsi
274 1011 326 1070 tilii
347 1011 524 1085 sanguinem
544 1010 671 1072 biberet.
705 1018 889 1086 unguentum
912 1019 943 1071 ct
962 1026 1099 1075 coronas

113 1094 196 1156 misit
215 1102 246 1153 et
266 1094 431 1155 observare
453 1095 542 1154 iussit
561 1110 598 1155 an
620 1102 767 1155 sumeret:
789 1094 929 1169 sumpsit.
966 1095 1015 1156 Ec
1037 1098 1099 1171 dic,

115 1194 177 1254 quo
200 1177 295 1238 lilium
316 1179 480 1251 extulerat,
506 1179 598 1240 immo
620 1195 681 1252 quo
702 1195 763 1240 non
785 1179 949 1251 extulerat,
976 1177 1101 1242 iacebat

115 1262 246 1323 conviva
268 1263 454 1323 centesimus
476 1269 506 1322 et
533 1264 676 1337 potiones
703 1262 754 1322 vix
774 1262 921 1322 honestas
945 1263 1100 1324 natalibus

116 1346 279 1406 liberorum
295 1347 483 1421 podagricus
498 1360 595 1406 senex
609 1345 783 1417 hauriebat,
806 1360 875 1405 cum
895 1344 1016 1407 interim
1036 1362 1099 1407 non

115 1429 270 1490 lacrimam
284 1428 392 1502 emisit,
408 1445 468 1490 non
482 1429 619 1491 dolorem
634 1428 738 1504 aliquo
749 1429 838 1502 signo
850 1443 1013 1503 erumpere
1026 1446 1099 1504 pas·

116 1528 171 1572 sus
186 1519 242 1572 est.
272 1512 412 1573 coenavit
432 1519 586 1586 tamquam
602 1528 658 1587 pro
679 1513 742 1572 lilio
762 1519 933 1572 exorasset.
963 1514 1099 1588 quaeris,

88 1602 234 1671 gquaret
257 1593 389 1654 habebat
402 1595 539 1655 alterum.
574 1594 651 1668 Quid
672 1596 721 1654 illc
741 1595 899 1656 Priamust
921 1610 984 1655 non
1006 1595 1099 1667 dissi-

116 1678 240 1737 mulavit
260 1678 335 1737 iram
360 1684 391 1737 et
411 1677 494 1752 regis
521 1693 622 1752 genua
641 1680 822 1754 complexus
845 1685 916 1739 estt
943 1679 1100 1740 lunestam

117 1762 335 1837 perfusamque
351 1777 460 1822 cruore
472 1760 526 1821 filii
539 1776 661 1821 manum
674 1763 715 1822 ad
731 1778 767 1821 os
783 1779 872 1822 suum
892 1762 1010 1836 retulit,
1026 1778 1099 1823 coe·

116 1845 218 1904 navita
238 1844 294 1904 sed
315 1850 413 1904 tamen
434 1845 501 1904 sine
521 1852 691 1918 unguento,
714 1845 781 1904 sine
802 1846 939 1919 coronis,
963 1852 995 1906 et
1014 1847 1100 1907 illum

116 1927 213 1988 hostis
229 1924 430 1989 saevissimus
445 1928 547 1987 multis
561 1929 694 2003 solatiis,
709 1936 742 1988 ut
756 1929 857 1989 cibum
870 1935 1012 2003 caperet,
1027 1929 1100 1990 hor·

115 2019 196 2072 tatus
211 2016 275 2084 est,
297 2026 358 2071 non
376 2020 407 2073 ut
425 2012 536 2087 pocula
556 2011 691 2086 ingentia
706 2028 801 2087 super
816 2019 908 2088 caput
922 2011 1026 2087 posito
1045 2028 1099 2074 cu·

87 2096 207 2164 astode
222 2095 362 2156 siccaret.
392 2095 639 2170 Contempsisses
654 2098 824 2157 Romanum
842 2103 972 2171 patrem,
996 2095 1024 2155 si
1039 2096 1102 2158 sibi
1120 2150 1125 2160 .

116 2181 281 2241 timuisset:
306 2196 387 2240 nunc
407 2178 483 2241 iram
506 2179 688 2256 conpescuit
703 2180 811 2255 pietas.
839 2180 950 2254 dignus
971 2178 1027 2238 luit
1049 2180 1101 2241 cui

118 2264 303 2340 permitteret
317 2279 336 2324 a
352 2264 493 2325 convivio
508 2263 548 2324 ad
564 2280 638 2324 ossa
652 2264 706 2323 filii
720 2263 851 2338 legenda
866 2262 1036 2322 discedere.
1059 2278 1101 2324 ne

116 2347 176 2409 hoc
204 2346 326 2423 quidem
350 2348 489 2424 permisit
508 2349 657 2422 benignus
686 2345 804 2408 interim
825 2355 855 2406 et
874 2345 971 2408 comis
991 2346 1100 2408 adule

119 2448 227 2491 scensr
249 2433 514 2507 propinationibus
531 2448 637 2492 senem
652 2431 783 2505 crebris,
805 2436 838 2490 ut
853 2445 927 2490 curn
943 2429 1100 2503 leniretur,

116 2514 284 2573 admonens
296 2515 477 2574 lacessebat.
489 2521 594 2574 contra
605 2516 655 2574 ille
667 2529 701 2573 se
713 2515 824 2573 laetum
834 2521 866 2572 et
877 2514 1012 2587 oblitum,
1025 2514 1103 2589 quid

117 2611 155 2656 eo
171 2601 271 2654 actum
286 2603 371 2656 essct
384 2597 444 2668 die,
461 2597 617 2672 praestitit.
640 2595 774 2656 Perierat
787 2598 863 2657 alter
877 2595 968 2671 lilius,
988 2598 1017 2657 si
1032 2612 1102 2656 car·

117 2676 199 2737 nifici
214 2678 345 2737 conviva
358 2694 419 2739 non
437 2681 613 2753 placuisset.

88 2761 102 2812 1
177 2760 310 2820 XXXIV.
338 2760 419 2835 Ergo
439 2761 484 2820 ira
506 2761 720 2822 abstinendum
738 2769 801 2835 est,
822 2764 890 2824 sive
908 2780 963 2839 par
977 2771 1027 2823 est
1047 2765 1103 2839 qui

35 2891 42 2898 .
116 2844 318 2906 lacessendus
345 2851 392 2906 cst
413 2846 479 2905 sive
505 2847 647 2919 superior
671 2845 737 2904 sive
758 2845 891 2906 interior.
925 2862 995 2907 cum
1024 2862 1104 2922 pare

53 2925 55 2929 ’
117 2928 304 2990 contendere
330 2944 445 3004 anceps
468 2934 530 3002 est,
557 2945 626 2988 cum
648 2930 808 3004 superiore
835 2931 1001 3005 furiosum,
1027 2943 1102 2992 cum

117 3009 261 3072 interiore
285 3012 454 3074 sordidum.
499 3013 600 3086 pusilli
628 3012 759 3075 hominis
786 3019 890 3074 estet
920 3014 1025 3075 miseri
1052 3031 1102 3076 re-

118 3101 223 3168 petere
245 3098 444 3157 mordentem.
480 3111 581 3155 mures
604 3096 825 3173 formicasque,
852 3095 880 3157 si
900 3113 1024 3158 manum
1045 3099 1102 3159 ad·

44 3198 47 3203 ·
117 3177 267 3252 moveris,
289 3195 344 3239 ora
363 3185 557 3250 convertunt,
585 3178 738 3241 inbecillis
759 3196 795 3241 se
813 3180 894 3242 laedi
918 3189 1041 3257 putant,
1073 3181 1102 3242 si

88 3263 287 3336 ttanguntur.
308 3262 412 3321 Faciet
423 3278 481 3322 nos
493 3263 638 3335 mitiores,
654 3264 681 3324 si
694 3263 939 3338 cogitaverimus,
955 3264 1031 3341 quid
1044 3264 1101 3326 ali·

118 3344 241 3418 quando
262 3344 352 3406 nobis
374 3346 522 3421 proluerit
540 3345 590 3406 illc
610 3345 659 3407 cui
679 3347 850 3422 irascimur,
871 3355 902 3406 et
922 3346 1037 3408 meritis
1054 3350 1109 3410 oti

117 3425 206 3489 sensa
225 3430 399 3492 redimetur.
434 3430 511 3491 Illud
525 3445 651 3505 quoque
666 3438 824 3506 occurrat,
847 3438 994 3506 quantum
1007 3431 1102 3495 nobis
