2378 3856
112 215 177 279 252
301 217 334 276 L.
354 214 501 275 anunm
522 212 698 275 SENECAE
718 210 899 275 planxit.

113 368 287 444 suppletum
308 366 362 438 sit,
390 328 463 439 quia
487 364 648 425 demorato
678 363 733 425 His
756 378 831 439 ergo
851 362 1016 451 advocatio
1030 378 1090 425 non

112 458 227 512 tantum
242 456 306 511 tuta
317 456 380 523 ost,
400 447 561 508 sedetiam
574 446 711 523 maduca
724 454 901 523 paupertas

85 546 100 599 1
174 533 252 593 xlll.
280 531 474 608 Responderi
489 538 607 608 potesta
632 531 730 606 „Quid
745 528 913 592 mutuose
925 528 1090 593 lstadidu·

114 617 174 692 cis,
200 630 301 693 quae
328 617 487 691 singula
510 614 700 676 sustineri
727 620 912 690 possunt,
942 614 1091 675 collata

113 716 187 762 non
209 706 404 776 possuntt
435 698 624 759 conmutatio
638 696 699 759 loci
712 696 879 759 tolerabilis
893 705 958 771 est,
982 698 1011 758 sl
1026 704 1088 759 tam

112 793 176 846 tum
190 786 290 845 locum
306 790 415 845 nrums.
437 789 603 858 paupertas
617 781 785 843 tolerabilis
799 787 861 853 est,
881 780 909 841 si
924 778 1089 857 maenala

84 869 208 942 nubsit,
232 882 312 943 quae
326 866 374 927 vel
387 867 454 926 sola
466 866 641 941 opprimere
651 866 770 926 animos
782 865 894 927 solet“
927 864 1088 927 Adversus

113 952 196 1012 hunc
207 951 347 1025 quisquis
358 962 407 1010 me
419 950 567 1009 malorum
578 949 668 1010 turba
679 948 817 1021 terrebit,
829 946 996 1010 bisvcrbie
1006 956 1088 1011 ιιιιιιι·

114 1035 186 1094 dnm
200 1034 272 1093 eritr
295 1031 334 1092 Si
352 1038 488 1093 contra
503 1032 833 1108 unamquamlibet
846 1040 999 1108 partem
1014 1028 1085 1093 l'or·

113 1125 231 1179 tunae
258 1115 357 1177 satis
384 1115 456 1176 tibi
480 1116 640 1177 roboris
668 1123 745 1189 est,
774 1116 874 1177 idem
893 1115 1087 1177 adversus

114 1200 237 1260 omnis
259 1200 342 1260 erit.
377 1215 447 1261 cum
470 1201 565 1260 semel
586 1200 718 1261 animum
732 1200 830 1261 virtus
844 1198 1016 1274 induravit,
1036 1214 1086 1261 nn-

114 1284 207 1361 diquc
227 1284 478 1345 invulnerabilem
492 1291 642 1358 praestan
663 1284 691 1343 ai
705 1283 833 1344 avarltia
844 1281 977 1355 dimisit,
999 1282 1085 1345 vebo-

114 1367 304 1429 mentissima
322 1367 445 1442 generis
463 1366 588 1428 humani
608 1367 721 1443 pestis,
749 1378 865 1427 moram
886 1364 940 1427 tibl
953 1364 1085 1427 'ambitio

114 1464 176 1513 non
192 1452 290 1511 meiat
312 1449 339 1510 si
353 1452 488 1511 ultimum
501 1450 582 1512 diem
592 1462 654 1511 non
666 1449 756 1526 quael
767 1462 915 1526 poenam,
930 1450 991 1511 sod
1003 1449 1086 1527 qnasi

115 1542 242 1595 natume
261 1536 359 1609 legem
376 1533 529 1608 adspicis,
552 1548 591 1594 ex
606 1547 669 1610 qno
683 1540 809 1610 pectore
821 1540 936 1594 metum
950 1531 1085 1605 eiecerit,

85 1619 145 1681 ein
160 1618 191 1678 id
206 1616 317 1679 nullius
332 1618 376 1677 rei
388 1619 478 1678 timor
488 1613 613 1679 audebit
623 1617 745 1680 intrare.
766 1616 793 1677 sl
804 1615 924 1692 cogitas
935 1616 1086 1678 libidinem

114 1718 177 1764 non
199 1702 364 1777 voluptatis
380 1716 475 1763 causa
488 1701 602 1761 homini
616 1702 734 1775 datam,
755 1700 813 1761 sed
828 1700 1024 1777 propagandi
1036 1715 1087 1776 ge

114 1787 213 1857 neria,
228 1801 320 1860 quem
335 1800 395 1844 non
408 1784 568 1845 violaverit
577 1784 799 1846 hoceecrctum
809 1790 841 1844 et
850 1782 981 1845 intlxunn
991 1785 1086 1845 visce-

114 1867 200 1928 ribus
220 1866 298 1943 ipsis
317 1868 457 1943 exitium,
478 1868 577 1928 omnis
597 1869 657 1929 alla
672 1867 825 1943 cupiditas
839 1868 988 1928 intectum
1001 1882 1087 1944 prae

114 1948 224 2013 teriblt.
260 1951 327 2011 Non
349 1951 470 2026 singula
490 1949 562 2011 vitia
580 1949 673 2025 ratio,
696 1952 753 2012 sed
774 1949 1006 2026 pariteromnia
1019 1964 1088 2027 pro·

85 2032 237 2096 ostemtu
259 2034 290 2093 in
303 2035 479 2095 universum
493 2036 588 2095 semel
602 2035 740 2096 vincitur.
771 2032 942 2110 Ignominia
954 2040 991 2097 ιιι
1001 2042 1088 2111 putas

116 2134 299 2194 quemquam
317 2119 484 2194 sapientem
499 2119 615 2178 moveri
630 2132 740 2194 posse,
762 2118 814 2194 qul
829 2119 934 2178 omnia
946 2118 979 2177 in
992 2132 1086 2178 sere·

115 2201 232 2278 posuit,
261 2200 314 2277 qui
335 2203 374 2262 ab
394 2201 590 2278 opinionibus
610 2202 692 2276 volgi
717 2201 874 2282 necessita
901 2202 976 2277 pluo
1000 2200 1088 2262 οιίιιιιι

116 2302 207 2362 quam
228 2285 395 2360 ignominia
416 2293 463 2346 est
483 2301 566 2346 mors
581 2282 801 2360 ignominiosa:
828 2283 976 2346 Socrates
989 2291 1087 2346 umen

115 2371 226 2432 eodem
244 2370 296 2430 illo
319 2371 417 2443 voltu,
439 2385 501 2444 quo
521 2368 644 2444 triginta
655 2376 806 2448 tyrannos
819 2369 907 2430 solus
921 2366 1089 2445 aliquando

114 2455 145 2513 in
160 2454 299 2515 ordinem
319 2453 494 2528 redegerat,
516 2468 670 2513 carcerem
684 2453 805 2514 intrauit
817 2450 1016 2529 ignominiam
1029 2450 1089 2528 ipsi

115 2538 185 2597 loco
207 2536 408 2596 detracturus.
445 2537 647 2610 nequeenim
669 2543 790 2612 poterat
809 2550 917 2597 carcer
937 2532 1039 2597 videri
1057 2530 1088 2595 in

86 2629 103 2682 o
117 2633 179 2695 quo
195 2617 340 2678 Socrates
356 2625 429 2677 erat
465 2618 540 2692 Quis
553 2634 655 2694 usque
668 2635 707 2680 eo
721 2620 762 2680 ad
773 2614 1027 2696 conspiciendam
1036 2632 1088 2679 ve

113 2700 232 2762 ritatem
253 2708 437 2761 excaecatus
457 2707 519 2775 est,
541 2710 576 2763 nt
596 2701 792 2777 ignominiam
807 2708 895 2781 putet
908 2701 949 2763 ln
965 2702 1091 2765 calonia

114 2784 212 2845 tuisse
232 2784 385 2861 duplicem
406 2783 436 2844 in
457 2784 605 2861 petitione
624 2794 786 2862 praeturae
804 2794 835 2849 et
848 2786 1030 2849 consulatue
1043 2800 1089 2846 rc·

115 2869 256 2944 pulsamt
282 2868 448 2944 ignominia
461 2870 513 2931 illa
526 2877 688 2946 praeturae
701 2877 732 2931 et
746 2872 924 2931 consulatus
935 2868 1007 2944 init,
1023 2867 1090 2947 qni·

85 2952 172 3013 ebus
187 2968 227 3013 ex
242 2952 356 3014 catone
369 2953 469 3014 honor
481 2953 658 3015 habebatur.
692 2954 787 3015 Nemo
799 2953 838 3015 ab
849 2954 911 3015 alio
922 2952 1089 3014 contemni

113 3044 177 3110 tur,
198 3036 257 3097 nisi
279 3052 297 3095 a
318 3051 353 3096 se
370 3043 440 3097 ante
455 3043 648 3113 contemptus
663 3044 719 3098 est.
751 3036 873 3098 humilis
886 3043 918 3097 et
932 3034 1089 3112 proiectus

115 3118 234 3179 animus
251 3120 291 3179 sit
309 3118 359 3179 isti
374 3120 575 3182 contumeliae
590 3128 798 3197 opportunus:
821 3120 874 3197 qui
887 3117 1090 3181 vcro'adver·

115 3217 170 3261 sus
191 3200 392 3264 saevissimos
407 3220 501 3266 casus
515 3220 552 3264 se
566 3205 683 3266 extollit
696 3211 727 3265 ct
742 3220 779 3265 ca
791 3205 886 3280 mala,
909 3202 1090 3279 qmbusatlt

115 3287 340 3361 opprimuntur,
355 3289 471 3362 evertit
486 3289 571 3363 ipsas
581 3284 721 3349 miserias
730 3288 893 3349 infularum
903 3284 976 3348 loco
986 3287 1089 3359 habet,

115 3371 238 3443 quando
260 3371 302 3430 ita
321 3369 432 3430 adiecti
452 3384 574 3445 sumus,
596 3378 629 3431 nt
648 3371 721 3432 nibil
735 3386 835 3447 aeque
848 3384 991 3447 magnam
1004 3368 1089 3446 apud

114 3466 172 3512 nos
195 3454 426 3514 admirationem
447 3463 595 3530 occupet,
621 3468 711 3530 quam
732 3456 825 3517 homo
844 3456 964 3517 lortlter
983 3455 1086 3516 mloer.
