2378 3856
162 169 225 233 218
336 171 371 233 1..
393 171 541 231 ANNAEI
562 171 737 233 SENECAE
757 172 861 233 olan.
881 171 934 233 xl

162 340 236 383 vero
251 322 519 400 disponunteliam
531 323 597 397 illa,
616 339 697 399 quae
707 324 785 385 ultra
798 322 893 385 vitam
904 330 991 394 sunt,
1003 337 1134 396 magnas

163 408 262 467 moles
281 407 492 483 sepulcrorum
510 415 541 467 et
564 424 691 483 operum
708 406 901 483 publicorum
916 405 1134 467 dedicationes

164 498 194 549 et
209 491 250 550 ad
266 507 375 566 rogum
386 506 514 550 munera
531 500 562 552 et
572 491 751 553 ambitiosas
768 490 946 565 exsequias.
968 497 1002 549 at
1012 489 1134 549 melnen

164 576 249 635 cules
271 575 400 635 istorum
423 575 545 647 lunera,
566 582 722 650 tamquam
741 575 898 636 minimum
920 571 1071 649 vixerim,
1093 570 1134 633 ad

164 656 248 719 laces
260 666 294 719 et
302 674 412 720 cereos
423 659 565 719 ducenda
575 667 655 721 sunt

549 863 721 871 ——mn-
732 864 753 871 -

455 1060 649 1143 nllllll
670 1057 841 1141 sllrffl

309 1193 687 1293 llllltlllllllllll
716 1192 892 1290 llllll
919 1192 990 1286 xl.

544 1361 589 1410 an
606 1360 768 1411 mirarum

485 1481 528 1545 llll
547 1481 812 1549 codidullllllll.

132 1766 148 1820 1
223 1749 245 1807 1.
270 1752 336 1821 [aa]
359 1744 411 1783 ***
427 1755 549 1806 nostrae
567 1761 734 1820 conpares,
750 1747 838 1805 firma
851 1751 939 1804 sunt=
967 1745 996 1804 si
1010 1743 1132 1819 redigas

162 1834 201 1892 ad
224 1831 435 1892 condicionem
458 1837 584 1891 naturae
604 1829 705 1889 omnia
725 1827 910 1889 destruentis
925 1834 957 1887 et
971 1828 1057 1888 unde
1074 1827 1133 1887 edi-

162 1918 214 1990 dit,
230 1915 340 1974 eodem
354 1914 538 1986 revocantis,
553 1913 671 1972 caduca
688 1921 767 1973 sunt.
791 1912 866 1986 quid
880 1911 963 1971 enim
978 1911 1134 1973 inmortale

161 2014 269 2058 manus
291 1998 436 2057 mortales
451 1997 597 2056 iecerint?
622 1996 746 2070 Septem
760 1996 813 2055 illa
827 1996 974 2056 miracula
988 2002 1021 2055 et
1033 1996 1063 2055 si
1078 2009 1135 2072 qua

161 2083 208 2144 his
231 2084 324 2142 mullo
339 2080 523 2142 mirabiliora
538 2080 731 2155 sequentium
745 2096 894 2140 annorum
909 2079 1063 2140 exstruxit
1077 2094 1135 2138 am

162 2166 251 2240 bille,
277 2166 442 2241 aliquando
465 2166 532 2226 solo
553 2173 684 2240 aequata
704 2164 851 2224 visentur.
882 2164 929 2222 lta
949 2169 1013 2235 est,
1040 2160 1134 2223 nihil

163 2257 406 2326 perpetuum,
422 2265 543 2324 pauca
559 2250 741 2309 diuturna
755 2255 853 2307 sunt.
875 2246 1134 2309 aliudalioruodo

162 2334 336 2410 fragileesl.
358 2350 458 2393 rerum
474 2332 576 2394 exilus
591 2334 753 2406 variantur,
761 2338 895 2391 ceterum
907 2330 1059 2406 quiequid
1070 2344 1135 2391 coe

134 2420 205 2493 rpll
225 2427 255 2478 el
279 2417 399 2478 desinit.
430 2418 546 2477 Mundo
563 2417 688 2491 quidam
702 2416 854 2475 minantur
867 2415 1020 2473 interitum
1035 2421 1068 2473 el
1080 2413 1136 2473 boc

161 2503 353 2581 universum,
376 2502 460 2575 quod
480 2501 581 2560 omnia
600 2501 704 2559 divina
717 2499 911 2571 humanaque
927 2496 1135 2573 conplectitur,

162 2585 188 2642 si
209 2583 256 2641 las
276 2591 369 2658 putas
384 2584 525 2654 credere,
552 2583 619 2641 dies
637 2582 748 2657 aliquis
764 2580 929 2656 dissipabit
940 2585 972 2641 et
985 2580 1016 2640 iu
1032 2580 1137 2642 conlu-

163 2665 279 2726 sionem
303 2671 432 2724 veterem
451 2666 656 2740 tenebrasque
670 2667 841 2737 demerget:
867 2671 917 2724 eat
929 2679 1013 2724 nunc
1027 2663 1136 2739 aliqmr

162 2758 192 2809 et
213 2749 350 2823 singulas
367 2748 527 2822 conploret
541 2749 668 2808 animas.
703 2747 893 2823 Carthaginis
907 2762 945 2809 ac
957 2747 1138 2809 Numantiae

163 2833 360 2908 Corinthique
378 2832 511 2894 cinerem
526 2841 556 2892 et
570 2833 596 2893 si
612 2833 686 2908 quid
702 2835 791 2894 altius
808 2833 932 2908 cecidit,
947 2835 1137 2909 lamentetur,

163 2936 231 2978 cum
248 2919 338 2978 etiam
352 2919 413 2979 hoe
429 2918 513 2993 quod
527 2935 587 2979 non
604 2917 711 2993 habel,
738 2918 919 2993 quaeadm,
947 2917 989 2978 sit
1001 2919 1138 2980 interilu-

162 3019 242 3062 rum:
269 3013 318 3062 eal
338 3003 449 3078 aliquis
470 3010 501 3062 et
521 3005 582 3061 lala
602 3010 714 3062 lantum
738 3002 903 3076 aliquando
919 3002 1008 3063 nefas
1024 3002 1138 3068 ausura

132 3085 219 3144 asibi
235 3103 295 3146 non
313 3088 492 3161 pepercisse
508 3093 723 3160 conqueratur.
739 3090 806 3159 [aa]
823 3085 897 3160 Quis
911 3093 974 3146 tam
984 3086 1139 3163 superbae

163 3167 391 3244 inpotentisque
406 3170 603 3242 adrogantiae
617 3176 678 3243 est,
693 3176 727 3228 ul
741 3170 772 3228 in
786 3169 845 3229 hac
859 3177 989 3230 naturae
1002 3168 1138 3231 necessi·

162 3258 222 3311 late
238 3254 340 3312 omnia
354 3253 393 3311 ad
409 3252 550 3311 eumdem
564 3252 656 3311 finem
672 3252 846 3313 revocantis
861 3269 897 3313 se
908 3260 1004 3314 unum
1014 3270 1054 3314 ac
1064 3269 1139 3315 suos

162 3337 271 3409 seponi
296 3336 368 3395 velit
392 3335 560 3408 ruinaeque
582 3336 673 3395 etiam
692 3336 753 3410 ipsi
773 3336 887 3397 mundo
908 3337 1066 3399 inminenti
1086 3336 1139 3397 ali·

129 3424 254 3490 aquam
271 3419 394 3478 domum
409 3417 587 3477 subtrahat?
617 3418 819 3479 Maximum
841 3435 935 3495 ergo
951 3420 1138 3483 solatium
