2378 3856
185 214 245 278 luti
389 214 423 273 L.
439 212 585 272 ANNAEI
604 210 781 271 SENECAE
803 210 954 273 ΝΛΜ.

184 368 329 441 defatigat
354 381 395 423 ex
419 364 526 425 alicnis
551 363 672 425 iudiciis
699 379 854 439 suspensa
879 378 1004 440 semper
1029 366 1157 429 ambitio.

182 450 274 511 alium
294 448 449 509 mercandi
469 461 622 523 praeceps
645 446 797 522 cupiditas
822 448 903 507 circa
927 449 1032 511 omnis
1055 456 1157 522 terras,
1185 446 1188 555 i

184 534 286 595 omnia
300 530 396 595 maria
411 547 468 609 spe
482 530 559 595 lueri
570 531 662 592 ducit.
684 530 836 607 quosdam
845 536 972 613 torquet
979 532 1099 615 ¹cupido
1110 535 1158 594 mi·

183 618 264 679 litiae
278 614 445 691 numquam
460 632 521 676 non
537 618 589 675 aut
602 610 710 674 alienis
727 602 870 689 periculis
884 614 1021 677 intentos
1034 624 1088 679 aut
1098 620 1158 679 suis

183 701 304 762 anxios.
324 707 396 759 sunt
410 716 489 774 quus
510 700 647 774 ingratus
662 698 856 774 superiorum
873 700 973 761 cultus
987 701 1158 775 voluntaria¹

150 785 330 851 tservitute
342 790 511 844 consumat.
534 784 646 843 multos
658 790 710 843 aut
719 782 882 844 adfectatio
894 783 1015 846 alienae
1022 784 1156 849 tortunm

183 876 235 930 aut
249 884 324 930 suae
339 872 438 940 [curo]
455 864 591 926 detinuit.
621 867 790 942 pterosque
803 865 877 927 nibil
896 874 1015 929 certum
1028 884 1156 947 sequen·

182 954 221 1013 tis
244 968 323 1026 vaga
343 957 373 1009 et
389 950 567 1010 inconstans
582 957 612 1009 et
625 949 685 1009 sibi
699 949 869 1025 displicens
882 950 993 1013 levitas
1008 968 1069 1029 per
1082 970 1156 1017 nort

184 1035 312 1095 consilia
326 1033 458 1093 iactavit.
487 1031 673 1107 quibusdam
688 1032 776 1106 nihil,
801 1051 863 1110 quo
878 1051 1006 1097 cursum
1021 1036 1154 1115 dirigant,

182 1119 298 1194 placet,
327 1116 384 1177 sed
405 1117 568 1177 marcentis
589 1115 811 1192 oscitantisque
831 1119 893 1179 lata
911 1119 1153 1196 deprehendunt,

182 1203 261 1279 adeo
287 1208 321 1263 ut
348 1201 433 1277 quod
458 1201 543 1276 apud
563 1201 728 1262 maximum
750 1208 909 1275 poetarum
937 1220 1025 1265 more
1044 1206 1153 1268 oraculi

183 1286 296 1348 dictum
312 1293 374 1361 est,
396 1300 503 1346 verum
518 1299 666 1346 essenon
681 1284 830 1345 dubitem:

342 1372 456 1445 πέμπω
464 1386 542 1447 pars
555 1377 600 1431 est
612 1372 688 1430 ottae
701 1384 761 1445 qua
775 1369 850 1448 [nos]
863 1372 997 1432 vivimus.

183 1462 316 1514 ceterum
330 1454 453 1528 quidem
471 1466 561 1514 omne
576 1453 707 1529 spatium
722 1467 783 1513 non
798 1453 873 1528 vita,
888 1454 946 1515 sed
960 1462 1087 1533 tempus
1096 1464 1152 1519 cot

154 1536 328 1612 aorgenua
348 1537 543 1597 circumstant
563 1537 635 1599 vitia
651 1536 788 1611 undique
807 1550 866 1597 nco
881 1552 1048 1614 recingere
1062 1540 1152 1601 autin

183 1620 356 1695 dispectum
376 1620 442 1680 veri
457 1620 604 1680 adtollere
617 1622 725 1681 oculos
740 1620 858 1695 sinunt,
878 1622 1069 1685 admensus
1083 1624 1152 1685 etin

183 1704 377 1779 cupiditatem
394 1702 507 1763 infixos
521 1712 671 1779 premunt.
699 1720 865 1778 numquam
875 1704 1153 1769 ittisrccunaroud

182 1804 217 1847 se
239 1788 317 1847 licet.
351 1788 377 1846 si
400 1788 523 1861 quando
539 1788 642 1863 aliqua
657 1788 779 1849 fortuito
796 1788 884 1865 quies
899 1789 1041 1865 contigit,
1065 1792 1152 1853 veluti

181 1870 334 1944 protunda
350 1871 441 1945 mari,
464 1870 495 1930 iu
510 1888 573 1947 quo
584 1878 790 1946 postventum
803 1887 928 1948 quoquc
939 1874 1150 1948 voldaricus.

181 1952 366 2014 fluctuantur
385 1969 443 2013 nec
463 1971 607 2030 umquam
629 1953 688 2015 illis
709 1972 728 2017 a
747 1955 963 2032 cupiditatibus
978 1956 1048 2021 suis
1063 1958 1150 2021 otium

151 2038 279 2101 linstat.
313 2037 359 2098 De
374 2038 441 2098 istis
456 2053 506 2098 me
520 2046 610 2114 putas
625 2038 795 2113 disserere,
817 2056 947 2114 quorum
960 2040 994 2101 in
1007 2040 1149 2105 confesso

179 2123 259 2181 mala
272 2128 364 2183 suntt
391 2121 518 2197 adspice
531 2122 616 2198 illos,
637 2123 677 2183 ad
692 2138 821 2199 quorum
835 2123 1010 2185 felicitatem
1019 2138 1149 2189 corrour-

178 2207 269 2267 ritur=
291 2206 380 2267 bonis
396 2207 461 2268 suis
476 2205 655 2268 cliocantur.
682 2207 778 2280 Quam
793 2207 894 2269 multis
905 2206 1032 2271 divitiae
1043 2224 1149 2289 moves

179 2297 270 2350 suntt
292 2306 384 2366 qaam
397 2290 561 2352 multorum
570 2290 745 2366 eloquentia
755 2290 908 2353 cotidiano
920 2294 1148 2355 ostentandiin·

178 2375 259 2449 genii
275 2375 374 2450 spatio
390 2374 570 2450 sanguinem
583 2374 706 2436 educit?
727 2391 818 2451 quam
832 2374 918 2438 multi
932 2378 1089 2441 continuis
1099 2392 1146 2439 vo·

178 2457 346 2533 luptatibus
368 2459 502 2532 pallenti
524 2473 616 2533 quarn
631 2458 821 2519 multisnibil
834 2458 922 2519 liberi
935 2460 1084 2539 relinquit
1096 2462 1146 2523 cir·

178 2542 335 2601 cumlusus
357 2540 508 2601 clientium
523 2543 679 2616 populus?
700 2543 799 2603 omnis
813 2543 948 2619 denique
961 2543 1041 2607 istos
1054 2546 1095 2607 ab
1107 2546 1145 2605 in·

176 2623 559 2698 fimis'usqucadsummos
566 2640 706 2700 pererra:
720 2626 916 2701 hicadvocat,
928 2626 1089 2691 bicedest
1101 2628 1144 2689 iile

176 2705 371 2780 periclitatur,
386 2706 437 2766 ille
443 2707 589 2781 defendit
601 2708 652 2768 illc
658 2709 781 2771 iudicat.
796 2725 887 2772 namo
895 2725 931 2771 se
937 2712 999 2772 sibi
1005 2712 1143 2775 vindicat

176 2790 254 2851 alius
276 2789 308 2850 in
330 2790 422 2852 alium
438 2792 656 2854 consumimur.
688 2793 842 2869 interroga
855 2793 994 2871 deictis,
1019 2810 1145 2873 quorum

175 2874 299 2935 nomina
312 2874 504 2938 ediscuntur:
527 2877 576 2938 his
590 2876 660 2938 illos
671 2876 812 2953 dignosci
826 2877 946 2939 videbis
958 2881 1058 2943 nolim
1079 2878 1144 2955 „ille

144 2957 423 3034 ailliuscultorcst
439 2960 607 3022 hicillius.“
630 2977 705 3022 suus
717 2977 807 3023 nemo
819 2969 876 3023 est
895 2962 1143 3025 Deindedemen·

172 3042 291 3101 tissima
302 3045 505 3116 quorumdam
515 3045 682 3121 indignatio
695 3052 753 3106 est.
775 3052 944 3121 queruntur
956 3047 997 3108 dc
1007 3046 1143 3125 superio-

171 3140 239 3184 rum
254 3124 391 3196 iastidio‚
414 3128 497 3199 quod
512 3127 589 3202 ipsis
602 3128 687 3188 adira
697 3129 870 3192 volentibus
882 3146 944 3191 uon
956 3130 1143 3193 vacaverintr

172 3206 264 3268 audet
284 3207 447 3280 quisquam
462 3209 502 3267 de
516 3210 639 3270 alterius
656 3213 802 3286 superbia
817 3212 917 3289 queri,
937 3214 990 3290 qui
1004 3213 1144 3291 sibiipsa

171 3304 338 3364 numquam
356 3296 466 3350 vocati
492 3291 546 3351 ille
567 3298 668 3363 tamen
688 3303 733 3369 te,
756 3297 897 3373 quisquis
918 3305 981 3373 est,
1002 3295 1143 3359 insolenti

173 3374 297 3449 quidem
310 3375 411 3445 voltu,
434 3373 491 3433 sed
506 3374 671 3450 aliquando
684 3380 831 3453 respexit.
853 3379 903 3441 illc
915 3396 1007 3443 aures
1017 3398 1094 3443 suas
1104 3376 1143 3443 od

170 3465 223 3516 tua
244 3456 339 3518 verba
358 3456 489 3519 denisii.
510 3454 560 3517 ille
580 3464 611 3517 te
626 3459 759 3522 adlatus
775 3478 865 3522 suurn
881 3464 1012 3542 recepit=
1034 3472 1070 3527 tu
1082 3478 1141 3527 non
