2378 3854
74 200 352 264 touTUltELtntt
362 200 552 261 Acctrlttttt
564 202 1049 266 snrlssnrltnl.xtv-xvtl.3l

75 361 161 416 reret
174 353 296 414 Donius
311 351 387 411 haec
402 350 552 426 sapientis
566 320 705 426 angusta,
720 354 786 412 sine
801 352 1077 432 cultu,sinesu·e-5

74 439 140 514 pitu,
162 435 236 498 sine
257 436 415 510 adparatu,
440 435 531 494 nullis
545 435 726 496 adservatur
740 434 918 496 ianitoribus
934 438 1048 497 turbam

72 519 168 582 venali
182 519 308 579 lastidio
324 518 540 593 digerentibus,
556 519 612 578 sed
628 534 683 594 per
697 519 757 579 hoc
771 520 861 579 limen
875 536 1005 581 vacuum
1019 530 1050 582 et

72 605 104 665 ab
121 602 261 665 ostiariis
276 602 402 662 liberum
417 602 538 662 fortuna
552 617 613 661 non
630 603 744 662 transit.
780 603 838 662 scit
851 619 912 663 non
927 619 999 665 esse
1014 603 1048 664 il-

71 688 102 748 lic
117 686 179 749 sibi
196 688 308 758 locum,
322 684 374 744 ubi
390 687 437 744 sui
452 685 524 744 nihil
539 693 595 744 est.

123 768 210 830 xv1.
240 766 356 842 Quodsi
369 767 522 842 Epicurus
538 776 669 843 quoque',
686 770 737 844 qui
749 769 872 845 corpori
889 773 1046 845 plurimum
1062 798 1074 847 1

71 853 203 927 indulsit,
219 851 370 912 adversus
385 851 510 912 iniurius
521 852 666 926 exsurgit,
678 855 772 928 quiid
784 853 866 929 apud
878 870 936 914 nos
948 855 1044 914 incre·

71 936 160 997 dibile
181 934 282 995 videri
303 942 404 1009 potest
423 942 475 994 aut
495 951 589 1009 supra
608 935 759 995 humanae
779 943 905 997 naturae
924 953 1046 997 mensu·

71 1025 153 1080 ram?
188 1019 240 1079 ille
261 1018 303 1077 ait
316 1017 442 1078 iniurias
457 1019 631 1078 tolerabiles
645 1035 717 1078 esse
731 1021 875 1095 sapienti,
897 1037 954 1081 nos
970 1022 1043 1081 iniu-

71 1104 126 1164 n'as
143 1119 208 1162 non
223 1116 305 1162 esse.
340 1117 397 1163 nec
412 1102 491 1162 enim
509 1109 565 1173 est,
584 1104 667 1176 quod
682 1103 768 1162 dicas
783 1103 841 1164 lrcc
859 1112 983 1165 naturae
997 1121 1044 1164 re·

71 1201 216 1260 pugnare.
244 1184 313 1244 Non
326 1199 473 1258 negamus
487 1199 551 1244 rem
566 1185 789 1245 incommodam
804 1201 875 1245 esse
890 1189 1073 1259 verberaris

70 1277 94 1329 ει
106 1269 214 1345 inpelli
230 1274 261 1327 et
275 1268 376 1342 aliquo
392 1268 527 1327 membro
549 1283 669 1340 carere,
690 1268 747 1328 sed
768 1268 868 1327 omnia
882 1271 940 1329 ista
952 1287 1044 1345 nega·

70 1369 131 1414 mus
149 1351 280 1412 iniurias
296 1366 375 1411 esse.
417 1367 478 1411 non
499 1366 624 1410 sensum
644 1350 704 1411 illis
718 1351 834 1411 doloris
849 1353 1043 1426 detrahimus,

70 1437 119 1496 sed
135 1451 250 1496 nomen
266 1436 401 1508 iniuriae,
417 1435 501 1510 quod
515 1449 578 1493 non
594 1441 697 1508 potest
709 1434 805 1511 recipi
821 1434 929 1496 virtute
946 1439 1042 1496 salva.

70 1519 136 1580 Uter
154 1520 258 1578 verius
274 1517 355 1577 dicat
369 1518 556 1578 videbimus:
586 1519 625 1576 ad
641 1526 844 1594 contemptum
860 1520 984 1595 quidem
998 1522 1042 1580 in·

70 1603 161 1663 iuriae
181 1611 311 1676 uterque
330 1602 490 1661 consentit.
529 1600 655 1674 Quaeris
672 1603 744 1677 quid
760 1603 838 1663 inter
853 1604 931 1664 duos
952 1604 1041 1665 inter-

70 1687 123 1745 siti
145 1684 230 1761 quod
247 1685 324 1744 inter
337 1685 522 1759 gladiatores
538 1685 729 1759 fortissimos,
741 1703 869 1761 quorum
884 1689 959 1747 alter
975 1704 1042 1762 pre-

70 1769 116 1830 mit
132 1771 247 1829 volnus
262 1775 293 1827 et
308 1774 367 1829 stat
381 1769 411 1828 in
426 1770 537 1842 gradu,
566 1769 641 1828 alter
661 1769 830 1844 respiciens
849 1771 888 1830 ad
910 1772 1042 1830 claman-

70 1859 121 1912 tem
139 1852 289 1927 populum
305 1851 457 1927 significat
471 1851 544 1910 nihil
559 1867 629 1911 esse
645 1859 674 1912 et
688 1852 832 1912 intercedi
848 1869 909 1913 non
922 1854 1041 1929 patitur.

70 1935 128 1996 lion
145 1942 203 2007 est,
221 1936 306 2011 quod
324 1944 412 2011 putes
427 1950 579 2008 magnum,
596 1953 658 2010 quo
676 1937 876 1997 dissidemus:
891 1938 965 1997 illud
981 1955 1070 2017 quog

70 2018 103 2078 de
118 2017 233 2093 agitur,
251 2020 335 2093 quod
350 2034 443 2079 unum
459 2019 569 2078 advos
585 2019 730 2093 pertinet,
758 2026 886 2095 utraque
900 2023 1042 2096 exempla

70 2100 231 2174 hortantur,
248 2109 441 2179 contemnere
457 2102 579 2160 iniurias
595 2109 624 2161 et
639 2118 715 2177 quas
731 2102 905 2163 iniuriarum
917 2104 1040 2163 umbras

70 2199 100 2244 ac
113 2184 313 2261 suspiciones
329 2185 470 2259 dixerim,
491 2187 705 2257 contumelias,
722 2186 761 2244 ad
777 2203 853 2260 quas
869 2185 1040 2260 despicien-

70 2267 118 2328 das
134 2284 196 2329 non
216 2268 354 2344 sapiente
370 2285 449 2343 opus
465 2276 512 2328 est
525 2270 599 2340 viro,
622 2270 678 2328 sed
693 2275 806 2328 tantum
821 2270 1039 2344 conspiciente,

70 2352 113 2426 rui
135 2349 196 2412 sibi
218 2352 319 2426 possit
339 2352 455 2411 dicere:
477 2360 597 2424 „utrum
618 2351 723 2411 merito
739 2349 810 2408 milri
826 2349 884 2410 ista
899 2351 1040 2411 accidunt

70 2449 98 2494 m
113 2434 278 2494 inmerito?
304 2436 330 2494 si
344 2434 467 2508 merito,
482 2451 542 2494 non
559 2441 605 2493 est
619 2431 808 2506 contumelia,
824 2434 968 2494 iudicium
982 2442 1039 2513 est.

70 2517 87 2577 ti
101 2518 261 2591 inmerito,
277 2518 318 2577 illi
333 2518 383 2593 qui
400 2519 512 2578 iniusta
528 2518 612 2591 lacit,
629 2517 870 2578 erubescendum
885 2523 962 2578 est“
1003 2518 1068 2600 Et4

70 2601 135 2676 puid
157 2608 208 2661 cst
227 2601 300 2661 illud
322 2603 405 2676 quod
427 2602 609 2662 contumelia
630 2601 760 2662 diciturt
801 2602 831 2661 in
852 2603 960 2678 capitis
982 2604 1040 2662 mei

71 2686 232 2745 aevitatem
258 2685 374 2745 iocatus
394 2692 492 2745 estet
512 2686 541 2743 in
564 2685 719 2745 oculorum
742 2684 935 2747 valitudinem
956 2693 986 2746 et
1010 2687 1039 2745 in

71 2783 183 2829 rurum
199 2767 396 2842 gracilitatem
418 2769 491 2828 etin
508 2775 666 2828 staturam:
690 2785 769 2843 quae
785 2770 968 2831 contumelia
982 2778 1037 2840 cst,

71 2853 142 2927 [uod
161 2852 292 2926 adparet
312 2851 440 2912 audiret
475 2850 582 2911 Coram
605 2867 668 2912 uno
690 2851 804 2926 aliquid
826 2855 938 2912 dictum
959 2853 1038 2912 ride·

71 2951 142 3009 uus,
163 2949 270 2995 coram
292 2935 430 3009 pluribus
448 2934 642 3008 indignamur
662 2943 694 2994 et
714 2951 818 2994 eorum
835 2935 902 2994 aliis
919 2935 1037 2994 libertu-

71 3033 115 3079 em
131 3034 195 3079 non
212 3016 422 3092 relinquimus,
436 3034 518 3093 quae
533 3017 592 3093 ipsi
607 3019 635 3077 in
649 3034 706 3078 nos
717 3017 819 3076 dicere
831 3017 1038 3078 adsuevimus.

71 3101 135 3163 ocis
153 3102 330 3177 temperatis
346 3102 540 3174 delectamur,
555 3100 715 3162 inmodicis
730 3100 897 3162 irascimur.

118 3183 216 3246 xvtl.
250 3184 443 3262 chrysippus
458 3185 500 3245 ait
514 3185 666 3260 quendam
681 3185 883 3259 indignatum,
907 3188 991 3262 quod
1006 3188 1036 3246 il·
1053 3206 1064 3257 1

71 3284 116 3330 um
133 3268 247 3344 aliquis
272 3280 473 3328 vervecem
499 3269 682 3329 marinum
707 3269 835 3329 dixerat.
871 3271 904 3330 ln
930 3277 1038 3330 senatu

71 3349 180 3413 lentem
197 3350 330 3412 vidimus
351 3351 458 3411 Fidum
476 3351 662 3426 Cornelium,
684 3351 817 3411 Nasonis
833 3351 932 3412 Ovidii
946 3365 1037 3424 gene-

71 3449 138 3512 um,
165 3451 235 3497 cum
261 3432 345 3496 illurn
367 3434 497 3496 Corbulo
520 3433 864 3494 struthocamelum
887 3430 1036 3505 depila-
