2378 3856
153 193 196 259 58
444 195 477 253 L.
499 194 645 254 ANNAEI
668 192 844 255 SENECAE

153 351 221 410 luce
236 349 434 424 properantia
448 362 540 422 quam
555 354 659 422 turpes
675 346 760 419 lites,
783 353 897 421 quanto
912 347 1072 424 turpiores
1088 352 1143 413 ad·

152 440 282 493 vocatos
298 431 434 491 habenti
447 430 525 490 alius
539 428 653 491 iudicia
668 429 763 505 patris
777 436 917 505 accusat,
931 447 1014 505 quae
1029 434 1146 496 mereri

155 515 252 576 satius
267 514 331 575 luit.
357 515 436 575 alius
451 529 521 573 eum
537 520 634 573 matre
648 513 798 573 consistit.
827 513 907 574 alius
921 513 1045 576 delator
1059 517 1146 580 venir

152 601 219 658 eius
232 598 374 669 criminis,
391 595 478 659 cuius
492 597 682 658 manifestior
695 611 768 657 reus
780 603 837 655 est
859 607 889 658 at
903 596 997 657 iudex
1013 598 1144 661 ιιιιιιιιιιι·

151 688 237 741 turus
260 697 340 756 quae
361 680 433 741 iecit
453 680 573 756 eligitur
592 687 623 739 et
642 695 757 740 corona
772 695 829 755 pro
844 682 924 740 maia
943 694 1044 743 causa
1058 684 1145 746 bona

154 761 274 839 patroni
288 780 367 826 voce
382 770 534 838 corrupta.

124 848 140 900 1
221 849 300 908 vill.
330 847 408 922 Quid
435 845 555 921 singula
580 852 778 922 peraequari
801 862 871 906 cuni
894 847 1011 908 videris
1039 851 1143 913 iorum

152 933 341 994 multitudine
357 931 501 991 retentum
515 939 546 990 et
561 937 649 1005 septa
663 945 818 991 concursu
831 931 930 991 omnis
946 931 1144 1007 irequemioe

151 1017 241 1090 plena
263 1021 294 1074 et
312 1015 396 1074 illum
416 1013 547 1087 circum,
568 1014 598 1071 in
620 1029 681 1088 quo
702 1013 866 1073 maximam
883 1015 931 1075 sui
947 1022 1070 1089 partem
1084 1034 1163 1095 po·-

151 1100 242 1172 putus
258 1097 408 1159 ostendit=
431 1095 490 1157 boc
513 1098 600 1171 scito,
621 1097 690 1157 istic
704 1097 892 1157 tantumdem
905 1113 978 1159 esse
992 1099 1142 1163 vitiorum

122 1181 298 1257 iqunntum
312 1180 475 1242 bominum
503 1180 585 1241 lnter
603 1180 681 1241 istos
696 1196 776 1256 quos
790 1186 912 1255 togatos
929 1182 1035 1257 vides,
1056 1187 1143 1261 nulia

151 1281 214 1340 pax
234 1273 296 1326 est·
318 1266 415 1325 alter
407 1282 437 1324 in
453 1264 577 1325 alterius
592 1265 715 1325 exitium
737 1264 797 1324 levi
815 1263 988 1340 conpendio
1003 1265 1140 1330 ducitur.

150 1350 225 1411 nulli
238 1349 299 1412 nisi
313 1364 353 1408 ex
365 1348 512 1409 alterius
504 1349 615 1408 iniuria
626 1356 773 1423 quaestus
784 1356 841 1407 est
863 1348 982 1408 ielioem
994 1350 1139 1426 oderunt

150 1432 302 1493 infelicem
317 1439 523 1493 contemnunt.
545 1433 691 1493 maiorem
705 1438 884 1506 gravantur,
899 1432 1008 1493 minori
1021 1448 1139 1509 grates

150 1523 231 1574 sunt.
255 1514 387 1574 diversis
400 1513 829 1590 stimulanturcupiditatibus.
849 1515 951 1575 omnia
961 1517 1086 1591 perdita
1097 1520 1138 1581 ob

150 1599 248 1657 lavem
264 1598 451 1672 voluptatem
465 1597 674 1672 praedamque
689 1599 825 1672 cupiunt.
845 1615 908 1658 non
922 1599 982 1660 alia
996 1617 1092 1676 quam
1106 1605 1137 1665 in

149 1681 222 1741 ludo
244 1680 425 1756 gladiatorio
446 1678 508 1740 vita
528 1688 577 1740 est
597 1697 667 1740 cum
688 1680 787 1741 isdem
807 1680 974 1743 viventium
994 1699 1138 1760 pugnau-

120 1762 295 1840 iliumque.
316 1762 462 1824 Ferarum
474 1763 531 1823 iste
543 1772 712 1824 conventus
728 1771 783 1837 cst,
800 1765 858 1825 nisi
874 1766 957 1841 qood
972 1766 1044 1828 illae
1057 1768 1138 1831 inter

150 1863 185 1906 se
199 1846 339 1922 placidae
355 1856 426 1908 sunt
439 1863 607 1923 morsuque
627 1847 769 1908 similium
790 1847 956 1924 abstinent,
977 1849 1009 1911 bi
1029 1861 1139 1915 mutua

149 1930 334 1991 laceratione
349 1930 506 1991 satiantur.
527 1930 587 1992 hoc
602 1940 702 1993 autem
715 1948 778 1991 uno
794 1932 832 1991 ab
846 1933 1027 1994 animalibus
1042 1938 1136 1999 ιιιιιιιι

150 2012 309 2088 differunt,
328 2014 413 2088 quod
427 2013 478 2075 illa
491 2022 710 2077 mansuescunt
724 2015 889 2090 alentibus,
904 2015 1013 2077 horum
1029 2019 1135 2081 rabies

149 2097 237 2172 ipsos
252 2113 271 2156 a
285 2096 397 2172 quibus
412 2106 460 2159 est
474 2097 598 2174 nutrita,
615 2099 800 2174 depascitur.

122 2177 138 2228 l
211 2180 260 2239 lx.
289 2180 482 2258 Numquam
473 2198 566 2243 nasei
586 2183 708 2244 desinet
727 2183 870 2257 sapiens,
892 2182 919 2242 si
941 2186 1039 2245 semel
1060 2202 1135 2249 eos

121 2263 241 2360 paritz
257 2265 360 2326 omnia
374 2266 542 2326 sceleribus
557 2282 594 2326 ac
609 2266 689 2328 vitiis
706 2267 797 2342 plena
810 2275 890 2327 sunt.
911 2269 981 2341 plus
994 2273 1134 2331 commit-

147 2346 219 2409 titur
239 2366 330 2424 quam
352 2351 436 2425 quod
457 2351 558 2426 possit
578 2349 764 2412 coercitione
779 2349 892 2410 sanari
926 2349 1097 2414 Certatur
1088 2370 1134 2415 ιιι

148 2434 230 2504 genti
245 2433 368 2508 quidem
384 2435 538 2508 nequitiae
551 2434 729 2494 certamine:
744 2435 841 2494 maior
855 2432 967 2495 cotidie
979 2437 1135 2509 peccandi

148 2515 309 2591 cupiditas,
325 2517 423 2576 minor
435 2516 620 2577 verecundia
630 2525 686 2576 est.
708 2517 846 2592 Expulso
859 2517 993 2578 melioris
1004 2523 1135 2596 aequio-

146 2596 253 2672 risque
266 2606 423 2675 respectu,
446 2615 641 2674 quocumque
654 2598 755 2659 visum
770 2608 818 2660 est
806 2599 925 2661 tlibido
941 2616 976 2661 se
991 2602 1133 2681 inpingit,

149 2694 207 2738 nec
228 2681 365 2742 ιιιιιιιιι
357 2698 417 2742 ram
432 2683 550 2741 scelera
564 2689 650 2741 sunt.
672 2690 792 2756 praeter
806 2684 916 2744 oeulos
930 2692 1018 2760 eunt,
1035 2687 1133 2749 adeo·

149 2778 209 2837 que
223 2764 252 2823 in
269 2764 424 2840 publicum
439 2767 535 2825 missa
548 2763 684 2839 nequitia
697 2772 746 2825 est
760 2774 789 2826 et
803 2765 834 2827 in
850 2767 984 2828 omnium
997 2774 1133 2844 pectori-

118 2843 206 2905 ibus
226 2847 353 2923 evaluit,
375 2856 408 2910 ut
427 2847 602 2908 innocentia
615 2864 677 2909 non
693 2864 771 2922 rara,
787 2851 844 2910 sed
855 2852 940 2912 nulla
952 2850 1002 2912 sit
1036 2853 1132 2916 Num·

148 2928 221 3000 quid
236 2931 316 2990 enirn
331 2894 442 3008 s’inguli
456 2938 509 2993 aut
521 2931 613 3006 pauci
627 2948 739 3007 rupere
756 2934 876 3008 legemi
895 2935 1033 3010 undique
1046 2940 1134 3001 velut

145 3007 236 3080 signo
253 3012 324 3072 dato
338 3015 379 3074 ad
394 3017 442 3075 ias
457 3016 608 3090 neiasque
622 3016 811 3076 miscendum
828 3016 924 3078 coorti
939 3026 1020 3080 sunt.

338 3097 403 3158 Non
417 3099 523 3174 hospes
536 3099 698 3175 cohospite
711 3106 802 3173 tutus,

146 3240 149 3245 ,
186 3191 245 3236 non
259 3191 343 3237 socer
356 3195 376 3238 α
387 3197 506 3255 periero.
531 3182 667 3255 fromunt
680 3198 793 3258 quoquc
803 3187 904 3257 qratia
917 3200 994 3246 rure
1010 3193 1063 3248 cst.

188 3263 308 3321 inminet
322 3265 413 3322 exitio
425 3267 472 3324 vir
483 3268 630 3339 eonmpis,
645 3268 699 3326 illa
711 3269 820 3326 mariti.

188 3344 289 3405 lurida
303 3346 447 3407 terribiles
459 3351 582 3408 miscent
594 3352 711 3410 aconito
724 3365 876 3410 nmercae.

185 3429 266 3498 fitius
278 3437 347 3491 onte
361 3428 438 3492 dcem
446 3433 564 3510 patrios
578 3436 702 3508 inquiret
714 3437 745 3494 in
758 3449 861 3494 annos.
