2378 3856
90 140 565 254 xoaunvmnruxraunnn
573 186 875 255 cousourrrona.
888 203 931 256 15.
939 201 982 256 a.
1002 192 1065 261 aas

90 355 183 421 quarn
198 348 365 403 exuerunta
386 358 405 401 a
419 350 450 402 te
463 342 534 417 plus
545 339 642 416 angit
648 339 713 404 vita
723 340 761 403 ab
770 342 854 404 initio
861 344 980 413 tortior.
1003 362 1065 419 non

90 434 194 504 potest
212 425 370 487 muliebris
391 426 550 486 excusatio
570 426 747 500 contingere
768 425 811 502 ei,
829 442 852 494 ,a
876 443 938 502 qua
963 428 1065 502 onmia

88 509 249 572 muliebria
264 507 335 568 vitia
349 509 498 570 aluerunt
526 509 593 570 Non
608 515 638 568 te
651 508 818 570 maximum
833 509 930 573 seculi
944 513 1093 590 malumst

88 592 282 669 inpudicitia,
298 592 327 651 in
343 607 501 652 numerum
512 593 642 667 plurium
653 591 791 654 adduxit
810 603 1063 669 nongemmaete,

88 674 517 751 nonmargaritaelloxerunt.
540 675 1064 741 nontibidivitiaevelutmaximum

87 759 212 836 generis
234 759 356 821 humani
366 760 486 820 bonum
499 759 693 820 refulserunt.
727 776 789 820 non
803 767 848 832 te,
871 760 950 820 bene
964 760 995 820 in
1010 777 1063 834 an·

86 846 173 922 tiqua
189 850 220 906 et
233 843 520 904 severa-institutam
535 843 644 916 domo,
659 843 835 918 periculosa
851 842 940 910 etiarn
957 845 1062 919 probis

88 927 229 1003 peiorum
244 925 372 988 detorsit
386 926 522 988 imitatio.
548 942 712 1002 numquam
729 926 967 989 talecunditatis
982 934 1063 1004 tuae,

88 1012 178 1087 quasi
193 1011 395 1086 exprobraret
409 1016 552 1084 aetatem,
572 1010 690 1085 puduit.
706 1025 880 1086 numquam
894 1027 979 1073 more
990 1010 1063 1072 alia·

87 1112 171 1168 rum,
195 1094 308 1169 quibus
329 1094 428 1154 omnis
449 1092 671 1155 commendatio
692 1109 731 1153 ex
751 1096 850 1156 lorma
869 1096 995 1169 petitur,
1017 1103 1063 1156 tu·

88 1184 276 1259 mescontem
290 1184 410 1239 uterum
424 1177 615 1239 abscondisti
630 1177 720 1252 quasi
734 1177 880 1238 indecens
897 1193 991 1254 onus,
1006 1194 1064 1239 nec

87 1264 164 1322 intra
180 1261 299 1321 viscera
318 1270 371 1323 tua
392 1267 559 1335 conceptas
575 1258 830 1336 spes-liberorum
845 1259 962 1322 elisisti.
987 1261 1092 1336 <Noni

88 1346 198 1405 taciem
219 1345 375 1406 coloribus
396 1360 432 1404 ac
457 1343 616 1404 lenociniis
641 1342 785 1418 polluisti.
819 1359 986 1418 numquam
1010 1345 1064 1405 tibi

88 1423 204 1503 placuit
220 1429 330 1502 vestis,
351 1443 431 1503 quac
448 1426 523 1487 nibil
537 1427 672 1502 amplius
682 1426 824 1499 nudaret,
848 1443 917 1487 curn
932 1443 1063 1502 ponera

87 1522 152 1573 turs
171 1512 295 1573 unicum
306 1511 359 1572 tibi
370 1518 577 1572 ornamentum
590 1510 792 1584 pulcherrima
802 1511 916 1572 etnulli
928 1510 1063 1572 obnoxia

88 1596 178 1657 aetati
198 1596 315 1666 lorma,
341 1596 504 1656 maximum
525 1595 621 1655 decus
642 1593 710 1655 visa
729 1602 778 1656 est
801 1594 957 1669 pudicitia.
995 1595 1090 1656 Nono

89 1688 178 1755 potes
193 1678 306 1753 itaque
330 1679 370 1737 ad
396 1677 594 1739 obtinendum
619 1678 756 1739 dolorem
783 1678 930 1739 muliebre
950 1694 1062 1738 nomen

79 1762 304 1839 praetendere,
327 1777 366 1821 ex
381 1777 442 1837 quo
458 1768 489 1822 ts
503 1763 629 1823 virtutes
643 1770 713 1823 tuae
728 1763 925 1822 seduxerunt.
947 1767 1061 1821 tantum

88 1847 184 1906 debes
206 1861 225 1904 a
245 1845 423 1905 laminarum
442 1846 575 1906 lacrimis
599 1845 730 1917 abesse,
759 1851 903 1920 quantum
928 1862 947 1904 a
972 1845 1061 1905 vitiis.

87 1929 132 1989 Ne
147 1927 278 1988 laminae
290 1928 412 2004 quidem
428 1938 457 1990 te
472 1929 572 1990 sinent
585 1929 776 1989 intabescere
789 1927 908 1990 volneri
922 1935 989 2002 tuo,
1006 1929 1062 1997 sed

88 2013 149 2072 leni
170 2030 208 2074 oo
228 2012 411 2073 necessario
427 2028 567 2074 moerore
582 2013 641 2073 cito
657 2013 829 2073 defunctam
848 2011 994 2076 iubebunt
1008 2027 1060 2070 ex-

88 2111 228 2170 surgere,
253 2096 392 2156 simodo
414 2096 481 2155 illas
502 2096 611 2156 intueri
625 2097 712 2156 voles
727 2096 870 2166 laminas,
893 2110 972 2168 quas
988 2110 1060 2154 con·

87 2186 195 2256 specta
216 2180 312 2240 virtus
333 2180 411 2239 inter
429 2194 558 2252 magnos
579 2178 664 2239 viros
685 2177 797 2252 posuit.
835 2176 1005 2238 Corneliam
1023 2184 1089 2239 exli

87 2263 249 2324 duodecim
264 2263 367 2322 liberis
382 2264 422 2322 ad
437 2262 515 2323 duos
530 2263 650 2323 lortuna
664 2261 833 2334 redegerat.
859 2261 886 2320 si
901 2275 1061 2321 numerare

87 2348 196 2406 lunera
217 2347 374 2407 Corneliae
399 2346 507 2418 velles,
530 2346 674 2405 amiserat
693 2344 871 2406 decernassi
889 2343 1059 2416 aestimare,

88 2430 231 2490 amiserat
246 2429 412 2490 Gracchos.
432 2427 576 2488 flentibus
590 2436 691 2488 tamen
707 2426 788 2489 cir-ca
802 2441 837 2493 se
848 2433 878 2487 et
888 2428 981 2496 latum
993 2428 1060 2488 eius

88 2513 321 2573 exsecrantibus
336 2512 505 2585 interdixit,
527 2527 586 2585 „ne
600 2511 753 2571 fortunam
766 2518 961 2586 accusarent,
980 2526 1061 2586 quae

88 2595 147 2657 sibi
160 2596 242 2658 lilios
259 2596 414 2657 Gracchos
429 2596 597 2656 dedisset.“
629 2595 676 2654 Ex
690 2594 748 2655 lrac
763 2593 875 2655 lamina
889 2594 994 2657 debuit
1006 2611 1059 2656 na-

87 2680 148 2753 sci,
172 2681 224 2754 qui
245 2680 361 2740 diceret
381 2680 411 2740 in
428 2679 592 2741 conciones
628 2679 672 2740 Tu
690 2681 782 2740 morri
792 2695 876 2740 meac
889 2680 1058 2754 maledicas,

85 2778 164 2839 quoe
183 2779 229 2821 me
245 2760 386 2837 peperit?
415 2763 510 2822 Multo
529 2763 601 2824 mihi
616 2779 676 2823 vox
693 2763 796 2823 matris
811 2760 931 2823 videtur
945 2761 1059 2820 animo-

87 2846 163 2906 sior:
182 2844 263 2904 filius
276 2860 387 2918 magno
399 2847 569 2906 aestimavit
576 2845 780 2906 Gracchorum
792 2844 916 2917 natales,
928 2849 1024 2902 mater
1031 2849 1061 2902 et

80 2930 204 2989 lunera.
225 2927 459 2988 Rutiliacottam
471 2925 566 2986 lilium
578 2933 685 2987 secuta
696 2932 744 2985 est
754 2927 782 2984 in
792 2925 951 2986 exiliumet
959 2927 1088 3000 usquet

86 3029 124 3072 eo
141 3010 196 3071 luit
209 3010 397 3083 indulgentia
408 3009 587 3080 constricta,
604 3008 748 3069 ut-mallet
758 3006 881 3068 exilium
892 3007 956 3082 pati
969 3023 1060 3084 quam

87 3095 289 3166 desiderium,
318 3110 377 3154 nec
398 3101 468 3154 ante
487 3094 518 3152 in
539 3091 667 3167 patriam
682 3105 773 3166 quam
788 3106 857 3151 cum
877 3090 940 3152 illio
959 3088 1060 3151 rediit.

85 3178 234 3241 Eumdem
248 3180 306 3238 iam
322 3179 465 3238 reducem
483 3185 514 3239 et
533 3177 563 3236 in
577 3173 734 3250 republica
748 3173 906 3235 florentem
922 3181 982 3238 tam
1000 3175 1060 3235 lor-

85 3263 155 3322 titer
170 3263 269 3324 amisit
284 3279 376 3337 quam
391 3268 496 3322 secuta
510 3269 566 3322 est.
589 3275 646 3320 nec
661 3259 824 3334 quisquam
840 3258 980 3318 lacrimas
993 3258 1060 3317 eius

86 3356 159 3421 post
173 3349 284 3409 elatum
298 3346 392 3406 filium
408 3346 533 3407 notavit.
566 3344 599 3405 ln
615 3344 747 3419 expulso
763 3343 903 3404 virtutem
916 3338 1058 3412 ostendit,

86 3431 116 3488 in
132 3432 247 3491 amisso
266 3430 471 3506 prudentiam:
491 3445 561 3489 nam
576 3435 606 3489 et
621 3426 695 3489 nihil
710 3427 791 3488 illam
805 3442 823 3486 a
837 3426 948 3500 pietate
960 3424 1057 3486 deter-
