2378 3856
153 185 156 193 ’
258 210 359 270 otuu.
373 204 412 268 u.
432 208 492 270 ‘nn
511 209 580 269 um
601 209 676 269 mn·
696 210 747 269 111.
767 218 888 272 m-aa
1022 209 1064 272 aa

88 363 165 421 ranti
181 361 291 421 deinde
306 359 535 420 excusationem
549 359 664 420 obstitit
678 367 721 420 ete
744 361 881 435 „lri1ere,
897 358 1010 436 inquit,
1023 362 1063 421 mi

88 445 197 519 Pollio,
214 444 345 503 fruere.“
366 448 396 502 et
412 441 595 516 cumPollio,
611 440 738 503 dicerem
753 442 811 520 ‚nsi
825 442 923 520 iubes,
941 443 1062 518 Caeam,

88 529 189 590 statim
203 527 245 587 illi
261 528 352 587 domo
363 523 660 586 meainterdieam.‘⁴‘
683 526 767 601 „Hoc
778 542 836 602 me,
851 527 956 604 inquit,
973 534 1063 603 putas

88 609 252 682 iacturum,
275 625 344 670 curn
359 625 417 684 ego
437 624 493 669 vos
508 608 679 684 ingratiam
700 610 922 671 reduxerimi“
952 610 1064 671 Fuerat

88 697 168 757 enim
189 693 355 770 aliquando
374 693 528 767 Timageni
548 691 645 753 Pellio
666 693 763 754 iratus
785 708 842 752 nec
860 695 954 754 ullam
973 695 1063 755 aliam

87 780 236 839 habuerat
251 792 374 853 eausam
389 776 560 850 desinendi,
576 791 668 851 quam
683 776 768 850 quod
780 775 894 837 Caesar
909 788 1061 852 coeperat.

150 861 257 922 XXIV.
279 861 366 921 Dicat
379 861 482 935 itaque
496 859 556 920 sibi
571 860 712 935 quisque,
729 858 873 934 quotiens
883 860 1060 922 lacessitur:
1073 867 1088 919 1

88 945 236 1020 numquid
252 944 403 1019 potentior
418 959 485 1005 sum
497 941 658 1018 Philippos
669 942 711 1003 illi
726 949 827 1003 tamen
842 944 957 1018 inpune
971 945 1062 1003 male-

88 1030 277 1088 dictumest.
308 1027 456 1102 numquid
477 1027 506 1085 in
528 1027 620 1086 domo
641 1040 709 1085 mea
729 1026 800 1101 plus
821 1043 950 1102 possum
972 1043 1063 1101 quam

89 1118 151 1172 toto
173 1112 248 1172 orbe
267 1108 416 1172 terrarum
442 1110 532 1170 divus
553 1110 711 1184 Augustus
737 1110 856 1184 potuit?
886 1110 937 1170 illa
963 1117 1063 1170 tamen

88 1201 249 1255 contentus
275 1195 331 1254 luit
354 1211 373 1253 a
397 1194 602 1253 conviciatore
632 1196 691 1253 suo
716 1191 873 1252 secedere.
914 1192 992 1266 Quid
1016 1198 1092 1254 esta

89 1293 183 1354 quare
197 1293 255 1352 ego
271 1278 352 1338 servi
365 1276 425 1337 mei
440 1276 552 1336 clarius
565 1290 750 1349 responsum
764 1282 795 1334 et
808 1276 1063 1337 contumaciorem

90 1363 204 1423 voltum
227 1370 257 1421 et
276 1377 338 1421 non
361 1360 588 1434 pervenientem
609 1374 710 1433 usque
730 1358 771 1417 ad
790 1374 839 1417 me
853 1360 1063 1420 murmuratio-

88 1462 157 1504 nem
179 1443 309 1519 flagellis
335 1450 365 1503 et
389 1441 581 1517 conpedibus
607 1442 748 1516 expiemt
780 1442 850 1516 quis
870 1458 954 1517 sum,
976 1441 1063 1504 cuius

86 1543 179 1588 aures
195 1527 274 1586 laedi
288 1527 374 1585 netas
389 1525 449 1586 sill
469 1525 652 1600 ignoverunt
663 1524 914 1586 auidissimus:
930 1538 988 1601 ego
1001 1543 1062 1588 non
1078 1582 1081 1588 .

87 1613 247 1684 ignoscam
262 1608 370 1685 pigris,
393 1608 638 1684 neglegentibus,
659 1609 813 1685 garrulus
831 1607 961 1669 Puerum
976 1617 1092 1674 aelass

86 1702 224 1766 excuset,
240 1692 380 1753 seminam
395 1693 506 1766 sexus,
522 1697 699 1753 extraneum
712 1692 845 1767 libertas,
861 1693 1062 1754 domesticum

86 1776 281 1837 familiaritas.
312 1776 398 1837 Nunc
418 1777 549 1851 primum
569 1774 709 1836 offendit:
732 1774 901 1850 cogitemus
916 1777 1064 1853 quamdiu

87 1859 243 1936 placuerit.
270 1866 409 1935 saepest
428 1860 504 1920 alias
520 1858 660 1919 offendita
679 1860 813 1920 ieramus
828 1860 913 1935 quod
927 1859 981 1920 diu
994 1860 1062 1920 tuli-

86 1959 165 2021 mus.
194 1943 307 2003 amicus
323 1951 389 2004 esti
400 1943 473 2003 lecit
486 1943 570 2020 quod
585 1943 688 2003 noluit.
715 1943 870 2003 inimicus:
892 1944 964 2003 lecit
979 1943 1063 2019 quod

86 2025 200 2085 debuit.
231 2026 420 2087 Prudentiori
441 2027 617 2087 credamus=
640 2026 769 2089 stultiori
781 2027 978 2088 remittamus.
1007 2031 1096 2101 pros

86 2123 282 2184 quocumque
307 2109 381 2170 illud
406 2109 495 2170 nobis
524 2109 783 2184 respondeamus,
816 2109 1062 2185 sapientissimos

87 2206 213 2266 quoque
231 2192 315 2252 viros
333 2193 427 2251 multa
447 2191 640 2265 delinquere,
660 2189 812 2251 neminem
832 2208 903 2253 esse
923 2200 984 2253 tam
1006 2193 1061 2252 cir-

86 2281 313 2348 cumspectum,
339 2275 427 2334 cuius
454 2290 516 2334 non
537 2273 693 2348 diligentia
717 2273 882 2348 aliquando
910 2274 1063 2350 sibiipsa

86 2356 223 2429 excidat,
245 2358 397 2416 nemiuem
410 2364 471 2417 tam
487 2352 646 2429 maturum,
662 2356 749 2416 cuius
763 2372 825 2416 non
839 2357 1017 2432 gravitatem
1031 2355 1063 2416 in

85 2440 214 2514 aliquod
235 2439 382 2499 fervidius
402 2440 516 2500 lactum
537 2454 629 2499 casus
650 2439 801 2515 inpingat,
830 2439 981 2500 neminem
1001 2448 1062 2501 tam

84 2522 222 2584 timidum
238 2523 435 2597 offensarum,
451 2523 503 2600 qui
518 2538 579 2582 non
593 2523 624 2583 in
639 2523 716 2597 illas,
732 2524 804 2584 dum
818 2524 900 2598 vitat,
916 2524 1040 2584 incidat.

149 2607 241 2667 XXV.
264 2607 425 2681 Quomodo
440 2606 555 2667 homini
570 2607 682 2682 pusillo
697 2608 839 2669 solatium
850 2606 881 2667 in
895 2609 982 2669 malls
998 2609 1061 2681 luit,
1076 2616 1090 2667 1

86 2691 176 2750 etiam
192 2706 370 2766 magnorum
385 2690 520 2752 virorum
539 2690 670 2752 titubare
691 2691 851 2766 fortunam,
874 2701 903 2752 et
917 2693 1063 2767 aequiore

85 2772 187 2832 animo
202 2774 296 2835 lilium
308 2776 338 2834 in
351 2775 463 2851 angulo
475 2773 568 2850 llerit,
581 2776 633 2850 qui
643 2775 719 2837 vidit
729 2775 842 2836 acerba
855 2777 961 2836 lunera
973 2776 1063 2836 etiam

86 2872 126 2915 ex
146 2857 231 2930 regia
252 2857 337 2917 ducis
358 2857 404 2918 sic
424 2859 526 2919 animo
548 2859 694 2932 aequiore
714 2859 773 2918 lert
793 2858 832 2918 ab
853 2858 958 2932 aliquo
973 2858 1063 2930 laedi,

86 2940 125 2999 ab
140 2939 245 3013 aliquo
259 2942 426 3015 contemni,
447 2940 631 3014 cuicumque
651 2941 735 3000 venit
753 2941 784 3000 in
805 2946 934 3000 mentem
950 2940 1064 3000 nullam

85 3037 159 3081 esse
183 3028 295 3082 tanmm
320 3024 499 3098 potentiam,
523 3024 555 3080 in
581 3037 672 3097 quam
696 3038 758 3083 non
785 3031 926 3084 occurrat
946 3022 1063 3084 iniuria.

87 3105 175 3179 Quod
196 3105 222 3166 si
247 3105 337 3165 eliam
359 3103 589 3181 prudentissimi
611 3112 753 3181 peceant,
786 3105 873 3166 cuius
894 3122 956 3168 non
976 3109 1092 3168 errori

85 3191 199 3249 bonam
215 3204 341 3250 causam
354 3188 466 3248 habeti
495 3186 709 3264 Respiciamus
725 3187 866 3264 quotiens
882 3189 1061 3251 adulescen-

88 3273 129 3330 tia
148 3279 255 3333 nostra
275 3273 306 3332 in
328 3272 431 3333 cilicio
453 3287 561 3348 parum
580 3271 710 3347 diligens
731 3271 836 3346 luerit,
863 3270 895 3334 in
920 3287 1063 3335 semrone

88 3370 196 3426 parum
209 3356 363 3432 modesta,
384 3356 415 3415 in
429 3355 501 3417 vino
517 3371 624 3432 parurn
637 3364 821 3433 temperans.
851 3357 878 3416 si
896 3357 991 3417 iratus
1006 3360 1063 3426 est,

88 3437 197 3500 demus
210 3439 250 3500 illi
263 3440 403 3515 spatium,
420 3455 482 3516 quo
494 3439 648 3515 dispicere
661 3439 736 3515 quid
745 3439 852 3500 lecerit
863 3439 976 3512 possit:
994 3436 1063 3531 ipse

796 3542 802 3554 ι
832 3539 839 3553 0
865 3520 908 3588 ⁷*
978 3519 1018 3552 ..θ

834 3568 839 3583 e
881 3557 953 3577 ⁴⁸⁸⁸
979 3554 1029 3584 ‘a‘

796 3575 940 3618 v·0·.¹0
981 3579 1033 3618 [υἱ

800 3614 922 3650 ’.131
980 3614 982 3624 Ι
