2378 3856
168 176 231 241 114
340 178 373 236 L.
395 176 542 237 annam
564 174 739 235 SENECAE
760 174 862 239 ctat.
884 176 936 235 vl.

168 328 335 390 amiserunt
361 325 441 386 illim
471 324 613 396 iuvenes,
640 331 767 399 utraque
795 341 851 399 spe
876 326 969 387 lutnri
995 326 1150 403 principis

169 419 265 473 certa:
289 407 414 470 Octavia
428 408 619 479 Marcellum,
641 408 690 468 cui
710 415 740 467 et
759 409 929 469 avunculus
945 415 978 469 et
993 409 1148 471 sowin-

168 494 311 555 cumbere
325 500 483 566 coeperat,
506 491 535 549 in
552 505 642 565 quem
658 506 737 551 onus
752 489 870 566 imperii
883 492 1055 563 mennae,
1072 492 1147 557 ttiu-

166 578 331 637 lascentcm
346 575 447 635 animo
461 574 607 644 alacrem,
622 571 745 649 ingenio
758 580 928 649 potentem,
945 574 1003 635 sed
1021 575 1146 651 frugali-

167 660 236 720 tatis
261 657 525 731 continentiaeque
547 657 577 715 in
602 656 661 716 illis
682 664 733 716 aut
752 657 839 717 anuis
864 664 916 718 aut
939 656 1060 733 opibus
1084 674 1147 723 noa

166 741 357 803 mediocriter
373 739 579 810 admirandae,
594 739 759 815 patientem
769 739 916 813 laborum,
933 740 1145 816 voluptatibus

167 825 312 897 alienum,
335 830 613 898 quantumcumque
633 822 780 896 inponere
800 822 1145 898 interamnanam

165 908 207 968 ita
227 909 339 978 dicam,
362 905 559 966 inaedificare
579 905 741 977 voluisset,
763 905 902 967 laturum.
930 906 1013 967 bene
1029 908 1144 983 legarat

137 990 239 1050 tnulli
267 1004 395 1049 cessura
421 987 548 1062 ponderi
580 986 784 1048 fundamenta.
822 988 941 1049 Nullum
965 988 1065 1053 unam
1089 1006 1143 1065 ptr

166 1087 256 1133 omne
280 1071 362 1131 vitae
386 1086 462 1131 suae
486 1076 607 1145 tempus
634 1068 729 1131 flendi
751 1069 957 1147 gemendique
983 1072 1062 1137 iecit
1086 1088 1141 1135 noc

165 1156 243 1215 rrllas
259 1154 380 1215 admisit
398 1168 494 1214 voces
517 1154 649 1214 salutare
669 1153 784 1226 aliquid
804 1154 988 1229 adferentis,
1008 1170 1052 1217 uc
1071 1172 1140 1223 avo·

166 1238 227 1298 cari
242 1238 371 1313 quidam
393 1253 429 1298 se
449 1252 544 1311 passa
563 1244 625 1296 est=
647 1235 762 1297 intenta
781 1236 812 1295 in
832 1252 924 1299 unam
943 1253 1013 1303 rem
1033 1246 1141 1303 etlolo

165 1321 265 1381 animo
282 1320 387 1381 adfixa
400 1320 468 1380 talis
483 1335 540 1394 per
554 1335 674 1380 ornnem
685 1318 777 1381 vitatu
789 1320 852 1394 luit,
867 1320 1140 1395 quorsumnam

165 1421 226 1465 non
248 1403 319 1465 dico
339 1418 401 1465 non
422 1409 470 1463 est
494 1417 791 1477 ammonentem,
817 1403 874 1463 sed
894 1403 1037 1469 amoveri
1054 1420 1139 1471 recu-

166 1502 255 1559 sans,
286 1486 453 1547 secundam
483 1484 641 1546 orbitatem
670 1483 809 1569 indicans
837 1485 981 1550 lacrimas
1015 1488 1139 1559 mittere,

165 1570 278 1628 nullam
292 1567 406 1628 habere
416 1565 577 1642 imaginem
591 1567 645 1629 lilii
658 1566 808 1631 carissimi
823 1568 931 1643 voluit,
952 1568 1073 1633 nullam
1085 1570 1139 1633 sibi

136 1651 204 1710 cde
218 1651 269 1711 illo
281 1649 347 1711 lieri
359 1651 552 1711 mentionem.
573 1649 803 1713 Oderatotnnes
814 1659 927 1715 inatres
939 1652 1139 1723 etinLinitm

164 1734 295 1793 maxime
310 1733 442 1806 iurabat,
465 1734 536 1808 quia
557 1731 716 1795 videbatur
730 1734 770 1794 ad
783 1734 864 1797 illius
879 1734 976 1797 lilium
989 1738 1139 1803 tmnsiest

164 1817 223 1876 sibl
244 1817 396 1892 promissa
416 1816 553 1878 felicitas.
580 1817 714 1877 tenebris
737 1825 769 1877 et
790 1818 948 1879 solitudini
967 1818 1138 1881 familiaris

165 1900 256 1971 sima,
281 1915 320 1958 ne
340 1900 379 1959 ad
403 1900 525 1960 nauem
546 1899 670 1973 quidem
691 1900 879 1974 respiciens,
905 1903 1045 1965 camnine
1065 1904 1138 1965 ealc—

164 1981 301 2041 brandae
310 1981 447 2043 Marcelli
459 1981 623 2043 memoriae
638 1984 800 2057 conposita
813 1984 953 2059 aliosque
967 1984 1139 2051 studiorum

163 2063 298 2125 honores
319 2065 422 2125 reiecit
442 2074 472 2126 et
496 2081 586 2127 aures
611 2082 686 2127 suas
709 2067 859 2128 adversus
879 2081 972 2128 omne
999 2068 1138 2135 eohtimn

165 2147 283 2209 clausit.
318 2164 337 2208 a
357 2149 553 2210 sollemnibus
575 2148 686 2209 ciliciis
706 2149 835 2211 seducta
854 2158 885 2212 et
903 2149 1007 2225 ipsam
1026 2150 1138 2227 magni

164 2231 276 2291 tudinis
303 2233 454 2292 iraternae
474 2232 562 2292 nimis
582 2232 846 2293 circumlucentem
867 2233 1022 2299 tartunam
1045 2248 1138 2301 ettott

164 2314 280 2375 deludit
294 2331 329 2374 se
348 2322 379 2375 et
397 2313 521 2375 abdidit.
548 2314 757 2375 adsidentibus
771 2315 890 2388 liberis,
911 2316 1085 2391 nepotibus
1096 2320 1137 2387 lu

165 2398 291 2469 gubrem
312 2406 428 2457 vestem
443 2414 504 2457 non
520 2397 678 2471 deposuit,
700 2414 761 2458 non
782 2398 850 2459 sine
869 2398 1061 2465 conmmctia
1080 2416 1136 2463 aar

166 2480 248 2539 nium
264 2496 398 2550 suorum,
416 2479 526 2554 quibus
541 2481 636 2540 salvis
652 2480 728 2540 orba
741 2480 800 2540 sibi
814 2480 987 2543 videbatur.

136 2571 151 2621 1
223 2562 272 2620 ΙΙΙ.
294 2561 382 2621 Livia
402 2562 545 2621 amiserat
563 2562 658 2623 lilium
672 2563 818 2636 Drusum,
840 2580 985 2639 magnum
1006 2565 1136 2629 tuarum

164 2643 350 2718 principem,
372 2644 431 2703 iarn
446 2660 587 2718 magnum
603 2645 727 2704 ducem:
747 2647 912 2708 intraverat
924 2649 1055 2723 penitus
1069 2648 1136 2727 Ger,-

164 2727 294 2786 maniam
313 2733 343 2786 et
369 2725 411 2786 ibi
438 2728 557 2802 signnm
576 2728 704 2788 Romani
733 2731 879 2802 lixarum,
903 2730 958 2797 ubi
983 2731 1037 2793 vix
1061 2732 1136 2799 ullos

165 2810 400 2871 esseRomanos
412 2818 517 2871 notum
529 2818 601 2870 erat.
622 2811 653 2870 in
664 2813 858 2885 expeditione
869 2813 1055 2879 decesserat
1063 2813 1136 2890 ipsis

164 2894 246 2953 illum
267 2892 406 2955 hostibus
428 2909 551 2970 aegrum
578 2909 647 2955 curn
668 2896 864 2955 veneratione
884 2902 916 2955 et
935 2912 1018 2971 pace
1038 2904 1138 2961 multa

164 2978 420 3051 prosequentibus
435 2994 492 3037 nec
513 2983 619 3052 optare
640 2978 723 3053 quod
746 2979 930 3053 expediebat
943 2979 1137 3049 audentibus

165 3060 331 3121 accedebat
345 3061 383 3120 ad
398 3059 476 3120 hanc
490 3068 632 3131 mortem,
655 3077 746 3136 quarn
766 3061 815 3121 illc
829 3077 886 3137 pro
902 3062 1068 3137 republica
1078 3061 1137 3133 obi

165 3146 245 3209 erat,
279 3141 386 3215 ingens
414 3142 524 3203 civium
550 3143 834 3220 provinciarumque
860 3152 890 3206 et
914 3145 1012 3207 totius
1037 3144 1139 3213 Italiac

166 3222 365 3296 desiderium,
387 3240 442 3298 per
464 3241 555 3299 quam
570 3224 677 3287 effusis
697 3226 731 3293 in
749 3227 882 3288 officinm
898 3227 1034 3303 lugubre
1047 3228 1140 3291 muni·

167 3304 255 3380 cipiis
280 3305 471 3381 coloniisque
498 3310 652 3383 usquein
678 3309 784 3371 urbem
809 3311 935 3371 ductum
961 3314 1140 3379 cratianus

137 3395 154 3447 2
167 3389 315 3466 triumpho
328 3389 518 3451 simillimum.
533 3391 599 3452 Non
614 3392 739 3454 licuerat
751 3394 836 3453 matri
848 3394 953 3454 ultima
967 3394 1025 3457 lilii
1037 3398 1140 3461 asotia
