2378 3856
237 206 340 268 1111.
363 207 415 265 rv.
444 206 495 267 on
518 207 739 268 raanan.
762 216 872 270 7-10.
917 163 920 166 ¹
1005 208 1047 270 so

65 357 106 417 Et
120 364 213 432 quota
226 356 284 416 ista
299 372 371 431 pars
386 357 534 416 scelerum
550 363 618 416 1111
638 373 700 417 non
711 357 876 431 descripsit
891 365 991 417 castra
1007 370 1075 424 113

67 457 128 501 una
143 447 229 515 parte
245 439 396 499 contraria
409 446 440 499 et
456 446 615 514 parentum
629 439 855 514 liberorumque
871 454 1045 501 sacramen·

65 531 97 584 ta
119 523 255 596 diversa,
288 522 454 583 subiectam
475 522 591 597 patriae
613 521 690 582 civis
718 537 810 583 manu
836 521 989 582 flammam
1015 534 1046 586 et

66 607 187 681 agmina
204 601 534 680 inlestorum'equitum
550 605 591 665 ad
610 605 837 680 conquirendas
855 605 1045 682 proscripto·

64 706 132 749 rum
146 689 278 750 latebras
300 688 569 768 circumvolitantia
590 694 621 747 et
641 689 772 750 violatos
795 690 899 750 lontes
915 693 1043 752 venenis

65 781 95 833 et
116 772 318 847 pestilentiam
333 788 426 831 mauu
443 772 553 832 iactam
570 779 600 832 11
616 771 814 846 praeductam
832 772 971 832 obsessis
989 790 1044 849 pa-

63 856 201 925 rentibus
216 856 341 929 fossam,
363 856 472 929 plenos
487 870 628 915 carceres
643 861 673 915 et
692 853 834 915 incendia
845 863 933 918 ,totas
950 857 1042 918 urbes

64 939 291 999 concremantia
305 939 591 1014 dominationesque
606 939 743 999 lunestas
764 946 794 999 et
807 954 970 1013 regnorum
987 956 1043 1015 pu-

61 1022 274 1098 blicorumque
289 1020 450 1082 exitiorum
467 1022 657 1082 clandestina
670 1021 814 1096 consilia,
830 1029 860 1083 et
872 1038 930 1099 pro
946 1023 1043 1098 gloria

62 1104 175 1180 habita,
191 1121 271 1181 quae
286 1105 576 1181 quamdiuopprimi
590 1112 738 1180 possunt,
755 1107 971 1166 scelerosum:
993 1124 1042 1168 ra-

61 1287 142 1333 nunc
167 1272 290 1348 publico
313 1272 447 1346 periuria
470 1271 606 1347 gentium
630 1277 660 1331 et
684 1278 773 1344 rupta
798 1271 925 1331 foedera
941 1281 971 1333 et
988 1274 1041 1352 [in]

62 1356 210 1431 praedam
235 1354 391 1415 validioris
417 1352 564 1430 quicquid
588 1369 651 1413 non
681 1352 844 1414 resistebat
867 1355 1041 1437 abductum,

60 1436 368 1513 circumscriptiones,
384 1437 613 1511 lurta,lraudes,
625 1435 830 1511 initiationes,
842 1437 954 1520 quibus
964 1439 1042 1499 trina

59 1537 121 1583 non
137 1520 293 1582 sulliciunt
305 1522 382 1580 lora.
405 1519 438 1580 Si
450 1524 567 1593 ,mnium
581 1519 673 1581 irasci
688 1520 735 1581 vis
750 1521 928 1596 sapientem,
945 1539 1041 1598 quan·

58 1612 122 1664 turn
139 1606 290 1664 scelerum
304 1603 467 1679 indignitas
482 1603 590 1679 exigit,
616 1620 679 1664 non
693 1604 887 1666 irascendum
902 1605 958 1679 illi,
984 1607 1041 1666 sed
1081 1647 1082 1652 1

59 1687 272 1749 insaniendum
290 1694 346 1749 est.
669 1739 671 1746 .

120 1771 157 1831 X:
189 1772 266 1831 illud
281 1771 384 1848 potius
400 1771 558 1846 cogitabis,
580 1788 642 1833 non
656 1787 728 1833 esse
743 1772 937 1831 irascendum
953 1786 1063 1836 erro-1

11 1918 20 1935 .
58 1855 153 1914 ribus.
184 1855 257 1930 quid
272 1856 367 1928 enim,
382 1853 409 1915 si
424 1855 493 1930 quis
508 1855 658 1916 irascatur
672 1856 702 1915 in
718 1854 851 1916 tenebris
867 1871 974 1930 parurn
987 1872 1039 1915 ve-

59 1938 148 2012 stigia
163 1945 246 1999 certa
260 1938 464 2015 ponentibus?
495 1938 577 2012 quid,
592 1939 619 1999 si
635 1941 704 2014 quis
720 1939 821 1999 surdis
836 1939 964 2014 imperia
977 1957 1040 2001 non

58 2021 314 2083 exaudientibusr
346 2021 434 2096 quid,
454 2023 481 2082 si
502 2020 621 2096 pueris,
644 2023 727 2097 quod
740 2023 881 2096 neglecto
898 2022 1041 2098 dispectu

58 2104 231 2165 officiorum
247 2106 285 2164 ad
299 2106 387 2165 lusus
402 2110 432 2163 11
452 2106 573 2179 ineptos
588 2106 763 2180 aequalium
777 2106 864 2165 iocos
879 2113 1041 2180 spectent?

57 2187 150 2264 quid,
174 2187 200 2247 si
214 2187 273 2247 illis
287 2189 379 2247 irasci
395 2188 487 2261 velis,
513 2189 598 2263 quod
612 2195 784 2262 aegrotant,
801 2197 981 2261 senescunt,
999 2191 1012 2247 l
1029 2223 1039 2234 -

55 2271 212 2346 tiganturt
243 2271 322 2330 inter
336 2277 437 2330 cetera
450 2271 640 2331 mortalitatis
657 2272 851 2333 incommoda
865 2280 895 2331 11
907 2271 967 2331 hoc
983 2279 1039 2344 est,
1086 2296 1089 2300 ⁴

56 2356 156 2430 caligo
171 2354 314 2415 mentium
328 2369 385 2413 nec
400 2359 514 2419 tantum
529 2355 699 2414 necessitas
720 2355 857 2424 errandi,
878 2354 935 2413 sed
955 2370 1038 2414 erro-

54 2456 121 2499 rum
140 2455 235 2499 amor.
266 2438 312 2497 Ne
325 2437 455 2512 singulis
470 2436 628 2508 irascaris
649 2434 803 2496 universis
818 2437 1067 2511 ignoscendumt

55 2532 117 2595 est,
139 2519 245 2598 generi
259 2520 392 2583 humano
413 2521 504 2581 venia
517 2520 677 2581 tribuenda
692 2527 748 2580 est.
784 2521 811 2580 si
831 2520 973 2581 irasceris
994 2521 1038 2583 iu·

54 2607 184 2667 venibus
200 2605 403 2680 senibusque,
431 2605 514 2679 quod
535 2611 679 2679 peccant,
700 2604 835 2664 irascere
856 2604 1037 2665 infantibus:

54 2691 211 2765 peccaturi
225 2698 305 2751 sunt.
336 2689 500 2763 Numquis
515 2687 656 2750 irascitur
670 2688 790 2763 pueris,
807 2704 938 2763 quorum
953 2694 1037 2748 aetas

54 2773 190 2833 nondum
205 2774 405 2834 novitiarum
420 2772 617 2832 discriminat
648 2772 745 2831 maior
765 2779 813 2832 est
832 2770 992 2832 excusatio
1008 2778 1038 2831 et

54 2857 164 2919 iustior
177 2855 331 2917 hominem
344 2871 416 2918 esse
432 2870 523 2930 quarn
535 2870 673 2929 puerum.
705 2855 772 2913 Hac
783 2853 965 2913 condicione
974 2854 1066 2916 natio
1156 2927 1161 2930 .

54 2956 177 3014 sumus,
204 2940 345 3000 animalia
367 2937 502 3000 obnoxia
525 2954 586 2997 non
612 2935 810 3012 paucioribus
832 2935 924 2994 animi
946 2951 1038 3010 quarn

55 3024 194 3099 corporis
209 3023 335 3097 morbis,
349 3038 411 3082 non
428 3021 551 3095 quidem
567 3020 677 3080 obtusa
691 3034 750 3078 nec
764 3018 864 3090 tarda,
887 3018 942 3078 sed
966 3034 1051 3079 acu-v

53 3109 134 3168 mine
149 3114 256 3168 nostro
271 3105 350 3165 male
364 3104 487 3179 utentia,
504 3105 598 3163 altera
612 3101 716 3167 alteris
729 3100 872 3162 vitiorum
887 3103 1036 3177 exempla.

54 3190 196 3268 quisquis
211 3188 349 3265 sequitur
363 3189 482 3264 priores
497 3187 576 3247 male
591 3187 647 3248 iter
667 3186 841 3261 ingressoS,
864 3185 970 3262 quidni
983 3184 1039 3245 lra-

51 3273 124 3334 beat
138 3275 383 3346 excusationem,
399 3287 466 3331 curn
483 3271 605 3345 publica
619 3271 669 3330 via
684 3269 850 3330 erraverit?
881 3270 915 3328 ln
935 3269 1067 3341 singu-4

52 3358 102 3417 los
117 3355 266 3417 severitas
275 3355 474 3431 'imperatoris
489 3353 690 3428 distringitur:
714 3360 743 3414 at
757 3353 933 3412 necessaria
948 3348 1038 3408 venia

53 3446 111 3514 est,
126 3439 180 3501 ubi
193 3445 276 3500 totus
291 3439 427 3500 deserunt
441 3436 603 3497 exercitus.
636 3436 714 3510 Quid
734 3436 811 3495 tollit
825 3433 900 3492 iram
915 3431 1036 3507 sapien-
