2378 3856
137 192 178 256 14
193 192 320 257 mant.
334 196 468 270 Quane
475 198 625 272 ALIQUA
637 197 871 262 lNCOMMODA
880 199 995 262 BONIS
1004 201 1114 263 -VlRlS

135 345 174 405 de
189 353 305 408 nostro.
335 344 412 418 Quid
434 352 481 403 est
502 343 572 404 boni
587 344 666 405 virit
685 343 834 419 praebere
848 361 883 404 se
898 345 970 406 toto.
997 348 1115 421 grande

134 429 275 490 solatium
297 434 345 486 est
364 443 433 487 curn
454 427 599 487 universo
615 425 692 501 rapi.
719 427 867 504 quioquid
887 436 935 489 est
955 430 1041 505 quod
1055 447 1113 492 nos

134 513 179 572 sic
191 512 310 589 uivere,
327 511 373 570 sic
388 511 463 570 mori
478 511 582 584 iussit,
603 510 711 570 eadem
725 510 908 572 necessitate
922 520 953 572 et
965 513 1044 574 deos
1059 513 1112 574 ad·

132 594 213 669 liget
235 594 448 657 inrevocabilis
463 595 594 654 humana
608 595 721 669 pariter
734 610 771 655 ac
783 595 887 655 divina
898 610 1008 656 cursus
1021 596 1112 658 vehit.

131 677 181 737 itte
201 677 270 753 ipse
292 678 425 740 omnium
445 678 585 739 conditor
600 683 630 737 et
648 685 749 739 rector
761 679 887 754 scripsit
901 679 1026 755 quidem
1040 681 1113 753 iata,

104 761 188 826 used
204 762 351 837 sequitur.
373 777 496 837 semper
510 768 611 836 paret,
631 763 728 821 semet
747 762 846 822 iussit.
873 762 994 837 „Quam
1009 770 1109 824 tamen

130 845 208 905 deus
224 853 286 911 tam
305 845 430 920 iniquus
450 842 480 904 in
496 845 710 906 distributione
724 846 776 906 teti
791 846 861 919 tuit,
884 854 917 907 ut
931 846 1021 907 bonis
1037 846 1111 907 viris

131 935 343 1004 paupertatem
361 935 393 989 et
413 930 538 988 volnera
557 934 589 988 et
614 929 726 989 acerbo
746 929 855 989 funera
875 928 1112 991 adscriberettt‘

129 1011 194 1071 Non
207 1020 308 1087 potest
318 1012 426 1073 artifex
438 1019 555 1072 mutare
566 1010 736 1073 materiamr
750 1011 810 1072 hoc
825 1029 919 1087 passa
930 1019 987 1072 est.
1015 1030 1109 1089 quae

129 1095 199 1155 darn
215 1095 352 1172 separari
366 1112 385 1155 a
399 1096 583 1172 quibusdam
597 1112 659 1157 non
674 1102 819 1170 possunt,
836 1096 1016 1168 cohaerent,
1031 1097 1108 1157 indi·

129 1177 222 1239 viduo
242 1187 327 1241 sunt=
348 1179 492 1254 languide
512 1179 634 1254 ingenie
653 1185 682 1239 et
702 1179 731 1239 in
748 1195 887 1239 somnum
908 1180 987 1240 itura
1007 1186 1060 1240 aut
1079 1180 1109 1241 io

128 1261 258 1335 vigiliam
280 1280 388 1324 somno
409 1263 590 1323 simillimum
604 1262 750 1322 inertibus
764 1269 926 1323 nectuntur
940 1262 1107 1325 elementis.

128 1352 160 1404 ut
174 1347 322 1408 efficiatur
333 1346 380 1406 vir
392 1362 461 1406 conr
476 1362 550 1407 euro
564 1346 723 1418 dicendus,
738 1346 862 1406 tortione
877 1348 938 1407 tato
955 1362 1034 1421 opus
1050 1355 1107 1408 est

127 1445 188 1489 non
203 1431 260 1490 erit
273 1431 314 1489 itti
329 1430 452 1504 pianum
466 1428 531 1490 iter.
560 1445 683 1491 sursum
703 1436 823 1505 oportet
837 1446 873 1489 ac
887 1430 1033 1490 deorsum
1049 1439 1106 1505 eet,

127 1511 290 1575 fluctuetur
304 1528 340 1573 ac
355 1513 510 1587 navigium
524 1514 555 1575 in
569 1512 691 1574 turbido
706 1518 802 1588 regat.
835 1520 941 1573 contra
954 1514 1108 1575 ronanam

126 1595 167 1653 itti
183 1597 331 1658 tenendus
347 1606 395 1658 est
409 1613 528 1658 cursus
545 1598 641 1657 multa
653 1596 793 1656 accident
809 1596 894 1670 dura,
909 1612 1030 1672 aspera,
1051 1598 1106 1658 sod

128 1695 208 1752 quae
222 1679 336 1742 molliat
351 1688 381 1740 et
395 1682 559 1757 conploret
571 1678 650 1756 ipse.
678 1680 762 1755 Ignis
781 1695 889 1741 aurum
910 1680 1036 1754 probat,
1052 1682 1106 1741 rni-

86 1770 119 1823 10
126 1764 206 1823 seria
226 1764 319 1825 tortos
339 1764 433 1824 viros.
461 1764 542 1824 Vide
557 1778 649 1838 quum
663 1765 721 1822 alte
735 1764 903 1823 escendere
918 1763 1029 1824 debeat
1046 1765 1105 1825 vir·

127 1851 190 1905 tus:
206 1846 287 1907 scies
301 1849 343 1907 itti
358 1864 419 1909 non
435 1862 491 1922 per
505 1861 615 1909 secura
629 1846 813 1907 vadendum.

211 1930 316 1991 Ardua
330 1935 432 2007 primo
445 1934 494 1991 nio
506 1942 550 1991 est
562 1936 592 1992 et
602 1946 693 2005 qnam
705 1933 758 1990 vix
771 1948 860 1990 mnne
873 1937 1005 1990 recentes

208 2017 357 2075 enituntur
368 2017 445 2090 eqni.
464 2013 560 2074 medio
572 2020 616 2075 est
627 2016 769 2074 altrisimn
783 2017 876 2085 coeto,

209 2099 287 2157 unm
299 2115 384 2159 more
397 2105 427 2159 ct
439 2104 537 2159 tcmm
550 2099 609 2172 ipn‘
620 2098 695 2157 mitri
706 2114 796 2173 saepe
810 2098 909 2159 videre

206 2183 244 2239 sit
257 2185 342 2242 timor
355 2189 384 2242 et
394 2180 507 2256 panida
521 2182 649 2256 trepidet
657 2181 822 2254 formidine
830 2186 943 2257 pectus.

211 2263 316 2325 Ultima
325 2281 426 2340 praeta
439 2265 488 2323 m'a
500 2271 545 2324 est
555 2271 585 2324 et
597 2271 664 2339 epct
674 2266 873 2325 moderamine
886 2268 974 2324 certo.

206 2354 275 2408 tune
288 2351 377 2409 etiam
390 2363 468 2422 panc
481 2363 528 2408 mc
540 2349 675 2409 onmectt's
688 2349 914 2424 exemenonem

206 2447 244 2491 ne
254 2431 345 2504 feror
358 2435 390 2492 in
396 2447 562 2508 praeceps,
582 2432 686 2508 Tethys
699 2436 771 2492 solet
782 2435 842 2491 imo
857 2434 962 2491 vereri.

82 2512 206 2572 11Haec
227 2529 296 2575 cum
318 2514 456 2575 audisset
476 2515 527 2574 itte
551 2531 722 2589 generosus
744 2514 942 2573 adulescens:
964 2516 1105 2591 „piacet

121 2594 231 2670 inquit,
249 2597 315 2659 via:
336 2597 482 2658 escendo.
512 2605 560 2657 est
572 2597 645 2659 tanti
662 2612 717 2672 per
730 2597 790 2656 ista
804 2598 849 2656 ire
864 2602 1008 2656 casuro.“
1034 2598 1102 2661 Non

122 2678 231 2739 desinit
246 2697 346 2741 aorem
364 2681 496 2743 animum
511 2686 594 2741 metu
607 2678 759 2741 territare:

204 2771 292 2840 ntqtoe
306 2767 385 2824 niam
400 2770 500 2825 tenens
513 2767 650 2838 nulloque
664 2779 768 2823 errore
784 2764 930 2835 mannen,

197 2865 258 2922 per
271 2854 368 2908 tamen
382 2848 503 2908 adversi
511 2848 664 2922 prodieris
678 2862 793 2906 cornua
808 2849 890 2906 tauri

202 2931 435 3007 Haemoniosque
449 2947 539 2991 arctas
553 2932 727 3005 violentique
739 2946 795 2991 orn
808 2931 909 2990 teonis.

117 3011 192 3074 Post
205 3013 281 3075 haec
294 3014 350 3074 cit:
372 3014 494 3089 „lnnpe
507 3013 592 3074 datos
608 3030 725 3075 currus.
753 3012 800 3073 his
823 3012 934 3087 quibus
951 3009 1102 3073 deterreri

117 3111 166 3155 me
187 3103 293 3172 putas,
309 3095 431 3157 incitor.
458 3097 533 3157 libet
550 3097 611 3157 iiiia
631 3104 713 3156 stare
734 3096 784 3156 ubi
799 3096 867 3171 ipse
884 3092 937 3155 Sol
954 3095 1100 3170 trepidat.

118 3176 238 3241 humilis
253 3186 284 3240 et
298 3179 403 3240 inertis
419 3185 466 3241 est
480 3186 544 3241 tuta
558 3179 683 3240 sectari:
699 3193 754 3253 per
768 3180 827 3238 atta
841 3178 938 3238 virtus
952 3177 1006 3237 it.“

88 3269 103 3319 t
177 3263 229 3323 Vl.
250 3261 369 3337 „Quare
383 3269 484 3324 tannen
494 3262 584 3324 bonis
595 3261 670 3323 viris
682 3261 793 3336 patitur
803 3261 918 3337 aliquid
933 3260 1005 3320 meli
1018 3261 1100 3324 deus

117 3344 223 3405 fierit“
242 3346 296 3407 lile
311 3361 385 3407 vero
400 3362 462 3408 non
476 3347 597 3423 patitur.
619 3345 720 3407 omnin
734 3345 814 3404 mata
828 3345 867 3406 ab
881 3343 941 3405 iltis
955 3346 1099 3423 remouit,

115 3429 236 3503 seelera
253 3436 284 3490 ct
304 3426 419 3506 flagitia
438 3439 469 3492 et
483 3429 684 3506 cogitationes
697 3428 854 3505 improbas
869 3435 899 3488 et
914 3427 1005 3488 avida
1020 3443 1098 3490 oon—
