2378 3856
316 216 367 277 DE
385 215 603 277 tumuerint
624 217 696 278 LIB.
707 217 730 277 1.
746 226 845 281 6-8.
996 216 1060 287 288

88 371 212 432 leudem
228 368 469 447 mensuetudinis
493 370 699 443 consequitur.
732 368 842 430 Humili
862 372 932 432 loeo
951 371 1090 445 positisr

88 468 236 523 exercere
250 468 384 526 manum,
398 452 529 528 litigare,
547 452 577 512 in
591 453 690 513 rixam
703 469 886 528 procurrere
897 469 933 514 eo
944 469 1060 515 morem

86 538 153 598 irae
167 551 245 597 suae
258 551 366 611 gerere
380 535 505 597 liberius
516 542 576 596 est.
597 536 683 597 leves
695 537 775 596 inter
788 537 876 613 perio
886 537 963 598 ictus
972 544 1059 599 suntz

87 621 154 696 regi
168 620 345 682 vociferatio
360 636 486 696 quoque
504 620 727 695 verborumque
747 620 979 696 intemperentia
997 636 1059 685 non

88 721 129 764 ex
143 703 301 763 maiestate
314 710 371 764 est.
871 772 876 779 ,

94 832 95 835 ¹
151 787 231 846 vill.
240 782 339 847 (treve
346 795 435 861 putes
445 786 675 862 eripiloquendi
683 786 836 847 arbitrium
844 788 968 862 regibus
976 791 1088 864 quedl

89 870 247 932 humillimi
263 869 398 930 habenti
417 870 512 943 „lsle,
534 869 646 946 inquit,
663 871 794 932 serv'ilus
807 876 867 942 est,
891 887 952 931 nou
964 872 1058 946 imoe-

87 955 197 1014 rium.“
217 952 309 1028 Quid,
324 960 356 1013 lu
369 954 592 1029 nonexperiris
606 952 690 1015 istud
700 955 771 1014 esse
782 953 886 1029 nobis,
899 954 952 1015 tibi
963 957 1059 1015 servi-

88 1043 203 1098 tutem?
216 1037 286 1098 Alie
296 1036 436 1098 condicio
445 1045 613 1111 esteorum,
623 1036 675 1113 qui
684 1037 818 1110 incurba,
833 1054 924 1113 quum
934 1053 995 1099 non
1006 1054 1060 1101 ex·

89 1121 215 1191 cedunt,
230 1122 332 1194 latent
349 1118 478 1196 quorum
489 1120 692 1181 etvirtmesut
703 1121 871 1195 adpareanl
881 1120 934 1182 diu
944 1122 1059 1182 luctan-

89 1213 140 1265 tur
159 1211 189 1263 et
210 1204 283 1263 vitiu
297 1204 438 1265 tenebras
453 1203 582 1265 habenta
596 1211 700 1263 vestre
710 1205 791 1264 lacta
800 1204 944 1278 dietaque
955 1222 1060 1267 rumor

89 1288 245 1361 excipitet
255 1287 325 1348 ideo
337 1288 427 1349 nullis
439 1288 536 1362 magis
548 1288 716 1348 curandum
733 1295 795 1361 est,
810 1289 932 1362 qualem
948 1290 1059 1351 lamam

88 1371 230 1446 habeant,
245 1387 336 1446 quam
352 1373 404 1447 qui
416 1373 669 1447 qualemcumque
679 1370 844 1430 meruerint
855 1382 995 1444 magnam
1005 1371 1059 1430 ha·

88 1455 180 1515 bituri
191 1460 270 1518 sunl.
290 1455 385 1528 Quam
396 1456 488 1516 multa
499 1453 552 1514 libi
565 1470 626 1515 non
637 1455 737 1526 licent,
750 1469 829 1530 quae
844 1453 933 1514 nobis
944 1453 1059 1514 beneli·
1073 1469 1091 1521 a

89 1539 137 1598 oio
149 1546 201 1598 tuo
213 1538 330 1619 vlicenti
350 1537 479 1600 Possum
492 1538 522 1596 in
535 1538 669 1612 qualibet
680 1546 765 1612 perte
776 1538 859 1599 urbis
880 1539 965 1598 solus
976 1538 1058 1598 ince-

87 1622 164 1680 dere
178 1622 245 1682 sine
259 1620 383 1696 timore,
406 1621 544 1698 quamvis
563 1622 665 1682 nullus
682 1627 828 1696 sequatur
848 1635 970 1693 comes,
993 1622 1059 1681 nul·

89 1706 139 1765 lus
153 1705 194 1764 sit
206 1705 304 1778 domi,
319 1707 420 1766 nullus
436 1706 474 1765 ed
488 1707 566 1765 latus
581 1704 718 1778 gladiusz
740 1704 793 1765 tibi
807 1703 838 1763 in
854 1710 905 1763 tue
920 1719 996 1778 pace
1011 1720 1058 1763 er·

89 1796 171 1849 mato
185 1788 351 1849 vivendum
367 1796 422 1849 est.
456 1787 607 1847 Aberrare
628 1803 647 1847 a
666 1788 786 1848 senuna
805 1795 858 1848 tua
877 1802 938 1847 non
960 1794 1058 1861 poles.

89 1869 212 1932 obsidet
225 1878 255 1932 te
269 1879 300 1931 et
314 1887 509 1948 quocumque
526 1869 706 1943 descendis,
721 1887 831 1946 mageo
848 1871 995 1944 adparatu
1009 1887 1059 1930 se·

90 1955 201 2029 quitur.
220 1955 275 2014 Est
284 1956 361 2016 boec
373 1970 508 2016 summae
519 1953 735 2030 magnitudinis
747 1955 879 2015 servitus
890 1971 951 2015 non
963 1969 1060 2029 posse
1073 1966 1090 2018 3

88 2039 156 2099 fieri
170 2039 327 2099 minorem.
350 2040 407 2099 sed
422 2055 492 2099 cum
506 2038 554 2097 dis
573 2038 627 2097 tibi
647 2037 816 2098 communis
837 2039 906 2112 ipsa
925 2039 1059 2097 necessi·

87 2132 137 2184 tas
162 2130 219 2182 est
247 2138 316 2182 nam
339 2122 409 2182 illos
434 2136 559 2197 quoque
579 2122 697 2181 coelum
721 2119 870 2194 adligatos
895 2126 977 2178 tenet
1001 2133 1059 2178 nec

89 2206 188 2280 magis
202 2205 261 2266 illis
276 2206 465 2267 descendere
480 2204 585 2262 datum
605 2209 653 2263 est
667 2219 759 2277 quam
774 2203 826 2262 tibi
839 2202 946 2263 lulum.
975 2203 1059 2262 lasti-

89 2289 140 2364 gie
152 2296 203 2349 luo
219 2289 341 2351 adfixus
360 2306 404 2350 es.
447 2288 576 2348 Nostros
597 2292 697 2346 molus
718 2285 809 2360 pauci
826 2286 966 2346 sentiunt.
988 2297 1092 2360 pre-4

90 2373 156 2432 dire
171 2372 261 2432 nobis
275 2387 311 2433 ao
324 2374 471 2434 recedere
485 2377 515 2430 el
529 2375 645 2430 mutare
659 2368 793 2429 habitum
808 2367 875 2428 sine
894 2384 989 2429 sensu
1004 2384 1059 2444 pu·

89 2455 170 2515 blico
191 2456 275 2515 licet:
295 2456 348 2517 tibi
373 2472 434 2517 non
459 2455 556 2528 magis
582 2469 674 2528 quam
700 2453 758 2513 soli
783 2453 878 2512 latere
900 2453 1058 2526 contingit

92 2540 186 2598 multe
202 2535 308 2598 conae
321 2548 351 2600 te
365 2542 418 2601 lux
433 2545 489 2598 est.
519 2537 652 2597 omnium
671 2537 702 2595 in
717 2535 807 2596 istam
821 2536 962 2596 conversi
978 2536 1060 2595 oculi

90 2632 171 2681 sunt.
203 2621 325 2696 prodire
345 2630 375 2683 te
395 2628 508 2698 putast
539 2621 637 2681 oriris.
665 2620 764 2696 Loqui
788 2636 850 2682 non
876 2626 981 2695 potes,
1001 2618 1088 2682 nisio

89 2710 124 2763 ut
136 2719 245 2764 vocern
261 2712 342 2766 tuom
358 2721 437 2780 quae
453 2705 568 2780 ubique
583 2710 653 2764 sunl
667 2711 774 2778 gentes
784 2704 946 2778 excipient.
968 2699 1061 2762 irasci

91 2802 153 2846 non
166 2795 270 2861 potes,
285 2789 343 2850 nisi
357 2797 390 2850 ut
404 2790 506 2850 omnia
521 2795 657 2848 tremant.
683 2788 728 2846 sio
740 2788 890 2846 nemiuem
903 2784 1059 2858 adfligere,

91 2869 150 2929 nisi
166 2877 199 2930 ut
213 2872 358 2947 quicquid
375 2873 456 2933 cirea
477 2873 565 2931 luerit
584 2869 744 2945 quatiatur.
778 2868 818 2927 Ul
841 2867 965 2927 fulmina
984 2882 1059 2940 pau-

91 2968 197 3012 corum
218 2956 354 3028 periculo
376 2957 502 3026 cedunt,
527 2954 660 3014 omnium
686 2959 782 3021 melu,
804 2950 849 3009 sic
870 2949 1059 3009 animadver-

90 3038 194 3097 siones
210 3053 385 3111 magnarum
401 3046 584 3113 potestatum
598 3043 710 3097 terrent
724 3034 814 3094 letius
833 3048 924 3106 quem
939 3039 1058 3104 nocent,

89 3136 151 3180 non
167 3119 234 3179 siue
253 3137 356 3181 causa.
377 3138 437 3182 non
453 3123 533 3181 enirn
548 3127 692 3196 quantum
706 3117 826 3188 iecerit,
845 3115 900 3176 sed
914 3121 1059 3191 quantum

89 3205 226 3263 facturus
247 3204 287 3264 sit
307 3204 456 3280 cogitatur
479 3205 509 3264 in
531 3221 584 3277 ee,
608 3203 659 3278 qui
681 3202 783 3262 omnia
809 3206 919 3274 potest.
962 3197 1088 3259 Adiueti

89 3302 180 3359 nune,
200 3287 284 3361 quod
300 3289 435 3362 privatos
449 3288 589 3348 homines
604 3289 643 3346 ed
655 3285 851 3360 accipiendas
863 3282 987 3342 iniurias
1004 3295 1059 3354 op·

89 3369 286 3445 portuniores
298 3378 490 3446 acceptarum
504 3370 738 3444 patientiorem:
754 3366 878 3441 regibus
886 3364 997 3424 certior
1011 3367 1060 3423 est

90 3467 130 3511 ex
144 3453 378 3513 mansuetudine
393 3454 555 3523 securitas,
579 3454 651 3526 quie
666 3454 811 3526 irequens
832 3448 966 3509 vindicta
983 3462 1057 3522 pau-
