2378 3856
164 201 225 264 ibit
376 199 409 259 L.
425 199 571 258 ANNAEI
586 196 762 258 SENECAE
773 197 938 259 ornLJx.

164 354 271 413 decem
285 350 403 410 medios
417 364 518 424 usque
531 348 571 407 ad
586 347 771 422 supplicium
785 346 853 406 dies
868 346 938 406 sine
951 346 1019 407 ulla
1030 346 1141 409 sollici·

163 436 267 496 tudine
282 432 448 508 exegisset
462 430 627 492 verisimile
641 446 702 490 non
717 437 774 502 cst,
791 444 871 504 quae
886 430 934 489 vir
947 430 1002 491 ille
1017 430 1140 505 dixerit,

136 521 151 577 7
165 532 244 595 quae
266 516 385 589 lecerit,
408 532 500 591 quam
514 515 544 573 in
560 514 723 589 tranquillo
738 512 839 573 luerit
870 512 1016 575 Ludebat
1032 515 1140 577 latrun-

165 601 256 674 culis,
273 615 341 661 cum
354 599 489 660 centurio
501 613 609 674 agmen
622 597 821 673 periturorum
832 595 958 657 trahens
969 596 1058 658 illurn
1069 612 1140 673 quo

165 701 227 760 que
252 681 378 763 excitari
399 684 527 744 iuberet.
560 688 687 741 vocatus
707 679 878 740 numeravit
891 680 1036 743 meldos
1049 686 1139 743 eten-

165 769 226 828 dali
242 784 314 829 suo:
340 768 421 838 cide,
439 767 551 840 inquit,
574 782 612 825 nc
620 773 689 841 post
702 770 823 824 mortem
835 778 932 824 meam
945 767 1139 827 mmtimieir

164 856 277 913 evicisse.
310 859 372 910 tum
388 849 527 909 adnuens
543 846 729 909 centurioni:
753 850 846 921 usta,
871 846 988 922 inquit,
1010 851 1139 909 erlem

165 952 211 996 mc
223 934 405 993 antecedere.
430 926 558 993 Lusis'se
572 939 605 991 tu
619 931 740 991 Kanum
754 929 806 991 illa
818 929 923 991 tabule
935 937 1055 1005 putari
1066 930 1137 993 inlu·

137 1016 215 1077 isit.
237 1014 352 1075 Tristes
366 1023 453 1074 mant
463 1014 551 1074 amici
565 1016 652 1074 talem
665 1014 808 1075 amissuri
819 1012 935 1074 virum=
948 1016 1136 1090 mammii,

166 1100 279 1174 inquit,
293 1095 383 1158 estes?
408 1115 458 1158 uos
472 1100 614 1175 quaeritis
626 1115 667 1157 on
681 1102 852 1159 inmortales
865 1100 988 1159 mamae
999 1102 1077 1161 sbti:
1088 1114 1137 1175 epo

165 1186 226 1242 iem
239 1184 341 1243 sciam.
363 1197 420 1242 nec
435 1181 526 1242 desiit
541 1181 698 1242 vamtatem
713 1182 743 1240 in
758 1181 828 1257 ipso
843 1180 904 1241 iine
915 1182 1136 1245 semenator
1181 1180 1183 1199 ²

137 1263 263 1327 9m0rte
279 1280 336 1326 sua
348 1266 561 1341 quaestionem
573 1264 697 1325 habere.
719 1264 968 1340 prosequebatur
980 1264 1136 1341 illumpbi·

166 1349 317 1424 losophus
333 1365 408 1410 suus
423 1365 480 1409 nec
495 1350 554 1409 iarn
569 1350 676 1423 procul
691 1356 756 1409 erat
769 1350 919 1422 tumulus,
940 1348 972 1409 in
989 1366 1053 1425 quo
1068 1348 1137 1411 Gae-

166 1433 229 1495 sari
244 1434 303 1492 deo
319 1440 424 1493 nostro
438 1433 531 1493 flebat
546 1432 731 1492 cotidianum
743 1446 874 1492 sacrum.
895 1432 926 1492 ls
938 1434 1024 1508 quid,
1035 1432 1137 1507 lnquit,

164 1519 270 1587 Kane,
293 1534 373 1576 nunc
392 1513 526 1591 capitem
547 1524 600 1576 aaa
622 1533 703 1599 quc·
717 1516 771 1576 tiit
782 1532 865 1576 mear
878 1513 944 1577 eat?
968 1516 1137 1591 mmm,

167 1600 264 1675 inquit
277 1598 400 1672 Kanus,
422 1602 567 1675 proposui
577 1602 629 1659 illo
642 1602 819 1661 veloctbsinm
831 1606 973 1661 memerito
985 1616 1029 1661 ort
1041 1616 1137 1663 erm·

166 1700 221 1743 rur
232 1686 272 1743 rit
282 1685 399 1742 colmar
410 1686 496 1743 exire
510 1700 550 1743 se.
573 1682 788 1758 promisitque,
803 1682 830 1742 si
846 1682 920 1757 quid
934 1687 1137 1760 explorasset

168 1765 392 1827 circumiturum
406 1766 521 1826 amicos
533 1773 564 1826 et
573 1766 784 1840 indicaturum,
797 1766 866 1841 quis
878 1774 963 1828 esset
971 1768 1139 1829 animarum

128 1843 275 1910 1⁰status.
303 1848 384 1907 Ecce
397 1850 427 1907 in
442 1849 544 1909 media
557 1856 738 1925 tempestate
753 1849 964 1924 tranquillitas.
987 1866 1065 1913 ecee
1079 1852 1137 1913 ani·

168 1948 237 1992 mus
260 1932 437 1991 aeternitate
452 1931 577 2005 dignus,
604 1933 655 2007 qui
671 1936 764 1994 iatum
779 1948 868 1993 suum
883 1932 912 1993 in
930 1942 1138 2009 argumentum

167 2016 231 2075 veri
247 2021 352 2088 vocat,
369 2016 421 2090 qui
436 2014 466 2073 in
480 2015 583 2074 ultimo
595 2016 646 2076 illo
664 2016 762 2091 gradu
772 2016 892 2091 positus
903 2026 1069 2079 exeuntem
1079 2016 1137 2078 aiil·

168 2115 246 2158 mam
263 2106 476 2174 percunctatur
489 2114 548 2159 nec
564 2114 664 2174 usque
679 2100 719 2160 ad
732 2107 859 2160 mortem
872 2109 999 2175 tantum,
1016 2102 1076 2163 sed
1090 2100 1138 2162 ali·

170 2183 243 2258 quid
268 2182 357 2242 etiam
381 2198 421 2242 ex
445 2184 514 2259 ipsa
529 2190 625 2243 morte
639 2183 743 2244 discit=
769 2199 858 2245 nemo
873 2183 988 2246 diuuus
1004 2185 1138 2261 philoco-

168 2268 290 2341 phatus.
323 2265 386 2326 Sed
410 2283 472 2326 non
491 2268 601 2342 raptim
620 2268 809 2343 relinquetur
822 2283 952 2342 magnus
965 2269 1016 2329 vir
1027 2276 1060 2329 et
1074 2284 1138 2331 eum

169 2366 242 2410 cura
257 2350 423 2410 dicendus=
444 2350 585 2411 dabimus
601 2358 632 2410 te
646 2352 676 2410 in
691 2366 813 2411 omnem
827 2350 1020 2429 memoriam,
1036 2350 1137 2413 claris·

169 2436 277 2493 simum
294 2438 400 2508 caput,
416 2435 545 2494 Gaianae
560 2435 656 2494 cladis
670 2449 782 2509 magna
795 2434 909 2509 portio!

143 2520 157 2569 1
233 2518 298 2576 XV.
318 2516 379 2576 Sed
395 2517 468 2575 nihil
483 2519 610 2591 prodest
626 2519 763 2593 privatae
777 2518 914 2579 tristitiae
930 2534 1045 2581 causae
1059 2518 1137 2580 ahie

171 2601 261 2659 cisse.
285 2605 417 2673 occupat
430 2601 510 2657 enim
524 2617 753 2674 nonnumquam
768 2602 872 2662 odiuin
882 2602 1007 2676 generis
1017 2600 1139 2663 humani

170 2690 200 2743 et
221 2683 352 2762 occurrit
365 2688 410 2743 tot
423 2683 573 2742 scelerum
590 2684 721 2744 reticium
737 2684 840 2760 turba,
863 2700 932 2745 cum
946 2685 1138 2761 cogitaveris,

171 2782 261 2841 quam
276 2765 315 2826 sit
328 2778 398 2824 rara
412 2765 590 2840 simplicitas
602 2773 632 2826 et
644 2778 734 2842 quarn
746 2769 850 2842 ignota
861 2768 1037 2831 innocentia
1047 2777 1080 2830 et
1091 2769 1139 2829 vix

168 2866 328 2925 umquam,
343 2847 404 2909 nisi
419 2865 488 2909 curn
503 2851 641 2925 expedit,
657 2851 750 2925 lidae,
765 2858 794 2911 et
807 2851 941 2913 libidinis
955 2854 1043 2913 lucra
1056 2852 1137 2913 darn·

170 2950 271 3010 naque
286 2933 398 3010 pariter
412 2934 512 2993 invisa
526 2942 555 2993 et
569 2934 691 2996 ambitio
708 2951 808 3010 usquc
821 2951 859 2996 co
876 2936 934 2995 iam
950 2950 986 2995 se
1001 2936 1068 2997 suis
1079 2951 1137 2995 non

170 3018 328 3078 continens
343 3019 493 3092 terminiS,
509 3027 542 3078 ut
556 3035 611 3093 per
625 3018 840 3094 turpitudinem
852 3019 1030 3093 splendeat=
1043 3018 1139 3095 agitur

169 3104 287 3160 animus
313 3102 344 3158 in
364 3109 483 3162 noctem
505 3110 535 3161 et
550 3104 632 3162 velut
651 3104 768 3163 eversis
783 3102 960 3175 virtutibuS,
986 3118 1068 3178 quas
1084 3116 1138 3163 nec

170 3198 296 3257 sperare
321 3183 391 3243 licet
414 3199 471 3243 nec
491 3185 605 3244 habere
625 3185 766 3260 prodest,
790 3185 934 3246 tenebrae
949 3186 1137 3247 oboriuntur.

136 3267 208 3324 bln
230 3265 811 3341 hocitaquellectendisumus,
837 3264 1137 3345 utomniavolgi

169 3350 266 3410 vitia
281 3364 353 3408 non
369 3348 500 3409 invisa
514 3349 642 3421 nobis,
661 3352 914 3413 sedridicula
928 3352 1139 3416 videantur

169 3440 201 3493 et
219 3433 422 3494 Democritum
448 3433 551 3508 potius
574 3432 723 3494 imitemur
749 3451 839 3510 quarn
864 3437 1059 3499 Heraclitum.
1090 3436 1138 3497 bie
