2378 3856
132 207 173 271 12
189 207 291 269 otta
300 207 321 266 l.
336 207 622 282 QUAREALlQUA
634 205 868 269 tncottttotla
876 207 992 270 BONIS
1003 207 1115 271 VIRIS

129 375 205 435 pora
218 375 238 420 a
251 359 378 421 ferendo
392 357 469 419 mari
486 359 577 430 dura,
598 358 742 434 agricolis
757 375 866 420 manus
880 360 984 433 tritae,
999 361 1041 423 ad
1056 376 1113 423 ex·

127 444 270 504 cutianda
288 444 350 503 tela
364 443 509 504 militares
526 443 630 503 lacerti
645 444 762 517 valent,
781 443 874 519 agilia
888 451 960 506 sunt
972 445 1114 506 alambra

127 527 322 588 cursoribus:
337 527 368 587 id
383 526 413 587 in
429 541 555 603 quoqne
568 525 789 589 solidissimum
803 528 950 602 estquod
961 528 1112 589 exemuit

127 611 167 671 ad
192 611 444 671 contemnendam
468 611 615 672 malorum
638 609 803 685 potandam
822 609 941 673 animus
963 610 1114 687 patientia

126 694 281 770 pervenit,
297 710 378 771 qaae
392 693 468 771 quid
482 695 511 754 in
526 693 616 755 nobis
631 695 755 754 efficere
771 693 871 769 possit
889 695 988 768 scies,
1008 696 1037 755 si
1056 695 1114 757 ad·

127 779 287 855 spexeris,
308 786 455 855 quantum
470 777 643 838 unionibus
658 778 749 839 nudis
767 784 799 838 et
812 777 917 854 iuopia
930 777 1113 844 fortioribus

84 852 216 923 illabor
237 868 385 937 praestet:
407 876 515 922 omnes
535 863 698 922 considera
718 867 842 936 gentas,
861 861 892 921 in
914 861 1028 937 quibus
1048 862 1113 924 Ro-

125 962 217 1006 mana
231 960 293 1020 pax
306 943 426 1018 desinit,
443 945 612 1006 Germanos
627 945 697 1005 dico
706 954 738 1005 et
748 944 896 1021 quicquid
906 945 1113 1007 ciressstrom

126 1044 273 1103 vagarum
293 1028 428 1102 gentium
448 1035 600 1089 occursat
630 1036 779 1103 perpetua
798 1029 868 1088 illos
886 1029 1001 1102 hiena,
1021 1030 1113 1091 triete

126 1112 246 1172 coelum
266 1111 389 1186 premit,
411 1111 543 1186 maligne
561 1113 661 1173 solum
677 1112 779 1171 sterile
795 1119 959 1182 sustentet,
981 1111 1113 1173 imbrem

126 1196 226 1256 culmo
249 1202 300 1256 aut
319 1196 428 1256 fronde
449 1196 632 1269 defendant,
653 1211 749 1270 super
766 1196 875 1256 durata
887 1195 984 1272 glaeie
998 1203 1114 1271 suana
1136 1192 1141 1205 “

85 1287 117 1338 15
126 1280 312 1354 persultant,
327 1279 357 1339 in
373 1278 548 1342 alimentum
563 1282 645 1341 feras
661 1286 792 1354 capam
815 1279 919 1339 Miseri
933 1279 987 1339 tibi
1000 1277 1113 1343 viden·

124 1371 194 1424 tort
214 1364 287 1424 nihil
307 1364 451 1424 miserum
466 1364 615 1438 estquod
633 1363 663 1422 in
679 1369 817 1423 naturam
831 1362 1024 1423 consuetudo
1041 1379 1112 1440 per·

125 1446 220 1506 duxit.
245 1447 388 1520 paulatim
403 1447 482 1505 enim
495 1446 642 1521 voluptati
657 1453 729 1506 sunt
744 1461 824 1521 quae
838 1444 1023 1506 necessitate
1039 1462 1112 1509 coe·

125 1536 243 1603 parunt.
274 1528 358 1588 nulla
376 1529 436 1588 illis
460 1528 613 1588 domicilla
635 1529 798 1603 nullaeque
820 1530 913 1589 sedes
935 1537 1022 1602 sunt,
1050 1531 1113 1593 nisi

126 1628 204 1685 quas
228 1612 378 1672 lassitudo
398 1613 429 1670 in
451 1611 532 1670 diem
553 1609 664 1685 posuit
695 1610 766 1670 vilis
787 1619 817 1672 et
837 1611 887 1673 hic
909 1615 1113 1687 quaerendus

125 1710 216 1754 manu
238 1696 352 1767 victus,
376 1694 531 1755 horrenda
549 1694 693 1769 iniquitas
714 1695 807 1765 coeli,
833 1693 945 1757 intecta
965 1711 1112 1773 corpora.

124 1777 184 1838 hoc
200 1779 283 1852 quod
298 1777 352 1838 tibi
363 1779 519 1839 calamitas
532 1778 658 1850 videtur,
672 1784 718 1838 tot
730 1779 864 1852 gentium
874 1781 937 1840 vita
952 1788 1017 1840 est=
1034 1782 1114 1858 quid

84 1869 116 1922 16
124 1862 245 1922 miraris
265 1862 366 1922 bonos
381 1863 482 1932 viros,
506 1868 539 1920 ut
558 1861 789 1931 confirmentur,
807 1862 948 1924 concutit
969 1863 1039 1924 Non
1062 1874 1114 1929 est

124 1944 217 2004 arbtu
230 1944 332 2005 solida
346 1959 404 2004 nec
419 1945 522 2016 fortis,
544 1945 604 2005 nisi
623 1944 653 2003 in
668 1960 759 2020 quaro
774 1947 920 2021 frequens
935 1955 1049 2009 ventus
1066 1949 1113 2009 in-

125 2035 238 2088 cursat
260 2029 331 2103 ipsa
350 2029 431 2087 enirn
445 2028 609 2088 vexatione
631 2028 847 2103 constringitur
861 2036 891 2089 et
903 2030 1026 2092 radices
1043 2048 1113 2093 eer-

123 2112 184 2171 tius
206 2111 280 2186 figit
310 2110 435 2186 fragiles
458 2119 530 2172 sunt
550 2127 630 2186 quae
650 2112 679 2170 in
700 2112 806 2187 aprica
828 2113 908 2173 valle
930 2124 1113 2176 creveruntr

123 2210 181 2270 pro
203 2194 281 2270 ipsis
302 2211 375 2269 ergo
396 2196 487 2257 bonis
508 2194 583 2256 viris
603 2203 664 2268 est,
687 2203 722 2256 ut
741 2213 813 2258 esse
833 2195 960 2257 interriti
974 2201 1112 2273 possint,

123 2280 250 2340 multum
271 2278 350 2341 inter
375 2280 576 2341 formidolosa
595 2281 711 2340 versari
732 2287 763 2341 et
781 2297 882 2357 aequo
904 2281 1006 2340 animo
1027 2283 1114 2344 ferre

124 2380 205 2440 quae
220 2379 281 2424 non
297 2371 369 2425 sunt
382 2365 462 2425 mala
477 2364 536 2425 nisi
550 2365 629 2425 male
644 2365 815 2425 sustinenti.

96 2460 111 2510 1
185 2447 224 2504 V.
247 2446 369 2507 Adice
388 2464 502 2519 nunc,
520 2449 623 2522 quod
644 2464 711 2522 pro
733 2445 909 2507 omnibus
930 2451 1114 2524 estopti·

124 2544 436 2603 numquamque,
457 2531 565 2589 utita
585 2529 724 2600 dicam,
744 2529 913 2588 militare
936 2537 972 2589 et
991 2531 1114 2596 edere

125 2628 275 2685 operas.
307 2611 375 2672 Hoc
400 2620 449 2672 est
471 2612 664 2687 propositum
684 2613 744 2672 deo
768 2613 850 2686 quod
877 2612 1007 2688 sapienti
1029 2617 1114 2690 viro,

126 2696 289 2755 ostendere
303 2695 380 2755 haec
391 2712 471 2769 quae
481 2698 592 2771 volgus
603 2695 734 2769 adpetit,
751 2710 829 2770 quae
842 2697 1036 2771 reformidat,
1051 2717 1114 2762 nec

124 2780 205 2840 bona
220 2794 292 2839 esse
306 2794 364 2839 nec
378 2780 466 2840 mala.
493 2775 686 2855 adparebunt
698 2786 798 2840 autem
813 2779 896 2840 bona
910 2795 995 2854 esse,
1015 2781 1044 2841 si
1058 2784 1115 2845 illa

124 2880 185 2924 non
200 2863 259 2923 nisi
272 2863 363 2924 bonis
373 2862 448 2924 viris
464 2862 615 2934 tribuerit,
632 2870 662 2924 et
675 2864 754 2922 mala
769 2879 855 2938 esse,
871 2864 899 2924 si
915 2870 1030 2924 mnium
1043 2882 1113 2928 ma·

95 2947 161 3008 alis
176 2946 371 3022 inrogaverit.
400 2947 595 3009 Detestabilis
610 2946 667 3006 erit
682 2947 829 3022 caecitas,
849 2950 876 3009 si
890 2964 981 3008 nemo
998 2951 1112 3013 oculos

124 3030 306 3103 perdiderit,
322 3031 381 3091 nisi
397 3031 445 3092 cui
460 3032 586 3092 eruendi
602 3038 687 3092 sunt:
702 3029 806 3105 itaque
821 3040 945 3093 careant
957 3034 1028 3092 luce
1041 3033 1112 3110 Αρκ

124 3111 193 3186 pius
210 3113 399 3173 etMetellus.
427 3131 488 3176 non
505 3123 577 3176 sunt
590 3114 713 3175 divitiae
726 3114 856 3175 bonum=
877 3115 981 3190 itaque
994 3114 1113 3180 habeat

123 3197 192 3255 illas
208 3203 239 3255 et
251 3195 337 3256 Elius
351 3197 440 3267 leno,
456 3206 489 3258 ut
502 3198 642 3259 homines
658 3198 832 3273 pecuniam,
855 3215 923 3260 curn
937 3199 967 3259 in
983 3203 1111 3274 templis

124 3280 387 3354 consecraverint,
410 3282 533 3342 videant
547 3289 577 3343 el
596 3283 626 3342 in
641 3283 768 3344 fornice.
801 3285 884 3344 nullo
899 3283 992 3343 modo
1006 3287 1111 3360 magis

123 3369 227 3437 potest
240 3364 317 3425 deus
333 3366 495 3440 concupita
508 3368 682 3438 traducere,
700 3383 791 3441 quam
806 3365 833 3427 si
847 3367 899 3426 illa
912 3367 952 3426 ad
965 3369 1111 3442 turpissi-

93 3455 190 3539 3mos
208 3448 314 3523 defert,
331 3449 370 3508 ab
385 3451 507 3525 optimis
523 3449 625 3526 abigit.
648 3452 710 3525 „At
723 3451 861 3525 iniquum
875 3456 923 3510 est
936 3450 1036 3510 virum
1050 3451 1111 3514 bo·
