<?xml version="1.0" encoding="UTF-8"?>
<!DOCTYPE html PUBLIC "-//W3C//DTD XHTML 1.0 Transitional//EN"
    "http://www.w3.org/TR/xhtml1/DTD/xhtml1-transitional.dtd">
<html xmlns="http://www.w3.org/1999/xhtml" xml:lang="en" lang="en">
 <head>
  <title>
</title>
<meta http-equiv="Content-Type" content="text/html;charset=utf-8" />
  <meta name='ocr-system' content='tesseract 3.04.00' />
  <meta name='ocr-capabilities' content='ocr_page ocr_carea ocr_par ocr_line ocrx_word'/>
</head>
<body>
  <div class='ocr_page' id='page_1' title='image "./lannaeisenecaeo03senegoog_0311.png"; bbox 0 0 2378 3856; ppageno 0'>
   <div class='ocr_carea' id='block_1_1' title="bbox 111 195 794 263">
    <p class='ocr_par' dir='ltr' id='par_1_1' title="bbox 111 195 794 263">
     <span class='ocr_line' id='line_1_1' title="bbox 111 195 794 263; baseline -0.004 -3"><span class='ocrx_word' id='word_1_1' title='bbox 111 197 174 263; x_wconf 73' lang='lat'><strong>204</strong></span> <span class='ocrx_word' id='word_1_2' title='bbox 398 198 430 257; x_wconf 90' lang='lat' dir='ltr'><strong>L.</strong></span> <span class='ocrx_word' id='word_1_3' title='bbox 453 196 596 256; x_wconf 71' lang='lat' dir='ltr'><strong>nannet</strong></span> <span class='ocrx_word' id='word_1_4' title='bbox 619 195 794 259; x_wconf 78' lang='lat' dir='ltr'>SENECAE</span> 
     </span>
    </p>
   </div>
   <div class='ocr_carea' id='block_1_2' title="bbox 83 346 1094 3513">
    <p class='ocr_par' dir='ltr' id='par_1_2' title="bbox 112 346 1093 591">
     <span class='ocr_line' id='line_1_2' title="bbox 112 346 1093 425; baseline 0.002 -12"><span class='ocrx_word' id='word_1_5' title='bbox 112 362 142 413; x_wconf 89' lang='lat' dir='ltr'><strong>et</strong></span> <span class='ocrx_word' id='word_1_6' title='bbox 164 358 235 412; x_wconf 85' lang='lat' dir='ltr'><strong>rota</strong></span> <span class='ocrx_word' id='word_1_7' title='bbox 257 366 317 410; x_wconf 88' lang='lat' dir='ltr'><strong>nun</strong></span> <span class='ocrx_word' id='word_1_8' title='bbox 340 349 398 408; x_wconf 90' lang='lat' dir='ltr'><strong>sub</strong></span> <span class='ocrx_word' id='word_1_9' title='bbox 413 348 541 408; x_wconf 87' lang='lat' dir='ltr'><strong>custode</strong></span> <span class='ocrx_word' id='word_1_10' title='bbox 557 346 825 422; x_wconf 64' lang='lat' dir='ltr'><strong>nuncupantibus?</strong></span> <span class='ocrx_word' id='word_1_11' title='bbox 852 350 880 409; x_wconf 92' lang='lat' dir='ltr'><strong>si</strong></span> <span class='ocrx_word' id='word_1_12' title='bbox 895 351 1026 425; x_wconf 87' lang='lat' dir='ltr'><strong>paulum</strong></span> <span class='ocrx_word' id='word_1_13' title='bbox 1041 370 1093 415; x_wconf 81' lang='lat' dir='ltr'><strong>va·</strong></span> 
     </span>
     <span class='ocr_line' id='line_1_3' title="bbox 114 430 1093 506; baseline 0.002 -10"><span class='ocrx_word' id='word_1_14' title='bbox 114 436 208 496; x_wconf 89' lang='lat' dir='ltr'><strong>titudo</strong></span> <span class='ocrx_word' id='word_1_15' title='bbox 225 432 377 505; x_wconf 74' lang='lat' dir='ltr'><strong>titubavit,</strong></span> <span class='ocrx_word' id='word_1_16' title='bbox 393 447 453 491; x_wconf 82' lang='lat' dir='ltr'><strong>narr</strong></span> <span class='ocrx_word' id='word_1_17' title='bbox 466 446 554 506; x_wconf 88' lang='lat' dir='ltr'><strong>spem</strong></span> <span class='ocrx_word' id='word_1_18' title='bbox 564 430 719 492; x_wconf 89' lang='lat' dir='ltr'><strong>hominurn</strong></span> <span class='ocrx_word' id='word_1_19' title='bbox 731 431 873 505; x_wconf 83' lang='lat' dir='ltr'><strong>excitari,</strong></span> <span class='ocrx_word' id='word_1_20' title='bbox 886 433 946 493; x_wconf 88' lang='lat' dir='ltr'><strong>sed</strong></span> <span class='ocrx_word' id='word_1_21' title='bbox 956 444 1093 497; x_wconf 78' lang='lat' dir='ltr'><strong>metunt</strong></span> 
     </span>
     <span class='ocr_line' id='line_1_4' title="bbox 114 515 1092 591; baseline 0.004 -12"><span class='ocrx_word' id='word_1_22' title='bbox 114 519 187 579; x_wconf 80' lang='lat' dir='ltr'><strong>nillil</strong></span> <span class='ocrx_word' id='word_1_23' title='bbox 209 531 280 578; x_wconf 90' lang='lat' dir='ltr'><strong>esse</strong></span> <span class='ocrx_word' id='word_1_24' title='bbox 301 516 442 590; x_wconf 88' lang='lat' dir='ltr'><strong>cuiquam</strong></span> <span class='ocrx_word' id='word_1_25' title='bbox 460 522 520 574; x_wconf 91' lang='lat' dir='ltr'><strong>tam</strong></span> <span class='ocrx_word' id='word_1_26' title='bbox 535 515 716 589; x_wconf 88' lang='lat' dir='ltr'><strong>pretiosum,</strong></span> <span class='ocrx_word' id='word_1_27' title='bbox 740 516 825 590; x_wconf 91' lang='lat' dir='ltr'><strong>quod</strong></span> <span class='ocrx_word' id='word_1_28' title='bbox 840 532 902 578; x_wconf 92' lang='lat' dir='ltr'><strong>non</strong></span> <span class='ocrx_word' id='word_1_29' title='bbox 918 532 978 591; x_wconf 86' lang='lat' dir='ltr'><strong>pro</strong></span> <span class='ocrx_word' id='word_1_30' title='bbox 994 520 1092 583; x_wconf 81' lang='lat' dir='ltr'><strong>salute</strong></span> 
     </span>
    </p>

    <p class='ocr_par' dir='ltr' id='par_1_3' title="bbox 83 597 1092 1181">
     <span class='ocr_line' id='line_1_5' title="bbox 83 597 1092 679; baseline -0.001 -14"><span class='ocrx_word' id='word_1_31' title='bbox 83 613 102 667; x_wconf 79' lang='grc'><strong>8</strong></span> <span class='ocrx_word' id='word_1_32' title='bbox 114 601 265 679; x_wconf 89' lang='lat' dir='ltr'><strong>praesidis</strong></span> <span class='ocrx_word' id='word_1_33' title='bbox 280 599 328 659; x_wconf 90' lang='lat' dir='ltr'><strong>sul</strong></span> <span class='ocrx_word' id='word_1_34' title='bbox 343 605 555 659; x_wconf 86' lang='lat' dir='ltr'><strong>commutatum</strong></span> <span class='ocrx_word' id='word_1_35' title='bbox 569 598 662 657; x_wconf 71' lang='lat' dir='ltr'><strong>veliti</strong></span> <span class='ocrx_word' id='word_1_36' title='bbox 690 597 783 659; x_wconf 85' lang='lat' dir='ltr'><strong>Onne</strong></span> <span class='ocrx_word' id='word_1_37' title='bbox 797 598 866 673; x_wconf 94' lang='lat' dir='ltr'><strong>illo,</strong></span> <span class='ocrx_word' id='word_1_38' title='bbox 880 601 931 661; x_wconf 91' lang='lat' dir='ltr'><strong>cui</strong></span> <span class='ocrx_word' id='word_1_39' title='bbox 942 602 1092 678; x_wconf 79' lang='lat' dir='ltr'><strong>contingit</strong></span> 
     </span>
     <span class='ocr_line' id='line_1_6' title="bbox 114 680 1090 758; baseline 0.004 -15"><span class='ocrx_word' id='word_1_40' title='bbox 114 684 179 723; x_wconf 61' lang='lat'><strong>⁰*</strong></span> <span class='ocrx_word' id='word_1_41' title='bbox 194 683 252 744; x_wconf 88' lang='lat' dir='ltr'><strong>sibi</strong></span> <span class='ocrx_word' id='word_1_42' title='bbox 267 699 392 758; x_wconf 89' lang='lat' dir='ltr'><strong>quoque</strong></span> <span class='ocrx_word' id='word_1_43' title='bbox 408 682 510 741; x_wconf 89' lang='lat' dir='ltr'><strong>vivero</strong></span> <span class='ocrx_word' id='word_1_44' title='bbox 527 680 647 741; x_wconf 88' lang='lat' dir='ltr'><strong>debeat</strong></span> <span class='ocrx_word' id='word_1_45' title='bbox 669 681 698 741; x_wconf 90' lang='lat' dir='ltr'><strong>ln</strong></span> <span class='ocrx_word' id='word_1_46' title='bbox 714 680 773 742; x_wconf 91' lang='lat' dir='ltr'><strong>hoc</strong></span> <span class='ocrx_word' id='word_1_47' title='bbox 787 683 930 745; x_wconf 80' lang='lat' dir='ltr'><strong>adsiduis</strong></span> <span class='ocrx_word' id='word_1_48' title='bbox 944 684 1090 747; x_wconf 87' lang='lat' dir='ltr'><strong>bonilatis</strong></span> 
     </span>
     <span class='ocr_line' id='line_1_7' title="bbox 114 765 1091 844; baseline 0.002 -15"><span class='ocrx_word' id='word_1_49' title='bbox 114 767 299 844; x_wconf 78' lang='lat' dir='ltr'><strong>argumentis</strong></span> <span class='ocrx_word' id='word_1_50' title='bbox 317 766 456 842; x_wconf 88' lang='lat' dir='ltr'><strong>probavit</strong></span> <span class='ocrx_word' id='word_1_51' title='bbox 470 780 529 823; x_wconf 93' lang='lat' dir='ltr'><strong>non</strong></span> <span class='ocrx_word' id='word_1_52' title='bbox 544 765 761 841; x_wconf 80' lang='lat' dir='ltr'><strong>rempublicam</strong></span> <span class='ocrx_word' id='word_1_53' title='bbox 776 781 865 826; x_wconf 91' lang='lat' dir='ltr'><strong>suam</strong></span> <span class='ocrx_word' id='word_1_54' title='bbox 879 783 969 840; x_wconf 87' lang='lat' dir='ltr'><strong>osse,</strong></span> <span class='ocrx_word' id='word_1_55' title='bbox 987 770 1046 829; x_wconf 84' lang='lat' dir='ltr'><strong>aed</strong></span> <span class='ocrx_word' id='word_1_56' title='bbox 1057 786 1091 831; x_wconf 83' lang='lat' dir='ltr'><strong>se</strong></span> 
     </span>
     <span class='ocr_line' id='line_1_8' title="bbox 114 847 1092 928; baseline -0.002 -15"><span class='ocrx_word' id='word_1_57' title='bbox 114 851 309 928; x_wconf 83' lang='lat' dir='ltr'><strong>reipublicae.</strong></span> <span class='ocrx_word' id='word_1_58' title='bbox 344 849 417 923; x_wconf 79' lang='lat' dir='ltr'><strong>Quis</strong></span> <span class='ocrx_word' id='word_1_59' title='bbox 430 847 499 907; x_wconf 88' lang='lat' dir='ltr'><strong>huic</strong></span> <span class='ocrx_word' id='word_1_60' title='bbox 510 848 622 909; x_wconf 89' lang='lat' dir='ltr'><strong>audeat</strong></span> <span class='ocrx_word' id='word_1_61' title='bbox 632 856 750 909; x_wconf 85' lang='lat' dir='ltr'><strong>struere</strong></span> <span class='ocrx_word' id='word_1_62' title='bbox 762 850 888 925; x_wconf 81' lang='lat' dir='ltr'><strong>aliquod</strong></span> <span class='ocrx_word' id='word_1_63' title='bbox 900 851 1092 927; x_wconf 83' lang='lat' dir='ltr'><strong>poricutnmr</strong></span> 
     </span>
     <span class='ocr_line' id='line_1_9' title="bbox 115 930 1090 1011; baseline 0.001 -15"><span class='ocrx_word' id='word_1_64' title='bbox 115 937 185 1011; x_wconf 86' lang='lat' dir='ltr'><strong>quis</strong></span> <span class='ocrx_word' id='word_1_65' title='bbox 206 934 245 994; x_wconf 87' lang='lat' dir='ltr'><strong>ab</strong></span> <span class='ocrx_word' id='word_1_66' title='bbox 265 934 324 994; x_wconf 90' lang='lat' dir='ltr'><strong>boc</strong></span> <span class='ocrx_word' id='word_1_67' title='bbox 345 949 421 1004; x_wconf 90' lang='lat' dir='ltr'><strong>non,</strong></span> <span class='ocrx_word' id='word_1_68' title='bbox 441 930 468 990; x_wconf 91' lang='lat' dir='ltr'><strong>si</strong></span> <span class='ocrx_word' id='word_1_69' title='bbox 491 931 604 1006; x_wconf 84' lang='lat' dir='ltr'><strong>possit,</strong></span> <span class='ocrx_word' id='word_1_70' title='bbox 631 933 782 993; x_wconf 76' lang='lat' dir='ltr'><strong>loctunam</strong></span> <span class='ocrx_word' id='word_1_71' title='bbox 803 950 930 1010; x_wconf 84' lang='lat' dir='ltr'><strong>quoque</strong></span> <span class='ocrx_word' id='word_1_72' title='bbox 950 943 1090 997; x_wconf 76' lang='lat' dir='ltr'><strong>evenere</strong></span> 
     </span>
     <span class='ocr_line' id='line_1_10' title="bbox 115 1012 1089 1095; baseline 0.001 -17"><span class='ocrx_word' id='word_1_73' title='bbox 115 1019 202 1089; x_wconf 84' lang='lat' dir='ltr'><strong>velit,</strong></span> <span class='ocrx_word' id='word_1_74' title='bbox 226 1016 283 1076; x_wconf 91' lang='lat' dir='ltr'><strong>sub</strong></span> <span class='ocrx_word' id='word_1_75' title='bbox 300 1031 360 1090; x_wconf 89' lang='lat' dir='ltr'><strong>quo</strong></span> <span class='ocrx_word' id='word_1_76' title='bbox 378 1012 505 1086; x_wconf 90' lang='lat' dir='ltr'><strong>iustitia,</strong></span> <span class='ocrx_word' id='word_1_77' title='bbox 528 1030 603 1089; x_wconf 88' lang='lat' dir='ltr'><strong>pax,</strong></span> <span class='ocrx_word' id='word_1_78' title='bbox 626 1015 787 1089; x_wconf 85' lang='lat' dir='ltr'><strong>pudicitia,</strong></span> <span class='ocrx_word' id='word_1_79' title='bbox 809 1018 978 1093; x_wconf 84' lang='lat' dir='ltr'><strong>securitas,</strong></span> <span class='ocrx_word' id='word_1_80' title='bbox 994 1020 1089 1095; x_wconf 84' lang='lat' dir='ltr'><strong>digai·</strong></span> 
     </span>
     <span class='ocr_line' id='line_1_11' title="bbox 116 1098 1089 1181; baseline 0.001 -19"><span class='ocrx_word' id='word_1_81' title='bbox 116 1110 162 1162; x_wconf 90' lang='lat' dir='ltr'><strong>tas</strong></span> <span class='ocrx_word' id='word_1_82' title='bbox 188 1100 316 1172; x_wconf 88' lang='lat' dir='ltr'><strong>llorent,</strong></span> <span class='ocrx_word' id='word_1_83' title='bbox 345 1098 402 1158; x_wconf 94' lang='lat' dir='ltr'><strong>sub</strong></span> <span class='ocrx_word' id='word_1_84' title='bbox 430 1113 491 1173; x_wconf 90' lang='lat' dir='ltr'><strong>quo</strong></span> <span class='ocrx_word' id='word_1_85' title='bbox 516 1099 661 1173; x_wconf 90' lang='lat' dir='ltr'><strong>opulenta</strong></span> <span class='ocrx_word' id='word_1_86' title='bbox 684 1099 791 1181; x_wconf 75' lang='lat' dir='ltr'><strong>ciuitas</strong></span> <span class='ocrx_word' id='word_1_87' title='bbox 816 1101 909 1177; x_wconf 87' lang='lat' dir='ltr'><strong>eopia</strong></span> <span class='ocrx_word' id='word_1_88' title='bbox 936 1102 1089 1165; x_wconf 88' lang='lat' dir='ltr'><strong>bonorum</strong></span> 
     </span>
    </p>

    <p class='ocr_par' dir='ltr' id='par_1_4' title="bbox 86 1181 1089 1745">
     <span class='ocr_line' id='line_1_12' title="bbox 86 1181 1089 1249; baseline -0.001 -1"><span class='ocrx_word' id='word_1_89' title='bbox 86 1183 248 1248; x_wconf 72' lang='lat' dir='ltr'><strong>somnium</strong></span> <span class='ocrx_word' id='word_1_90' title='bbox 270 1182 426 1243; x_wconf 83' lang='lat' dir='ltr'><strong>abnndatt</strong></span> <span class='ocrx_word' id='word_1_91' title='bbox 455 1181 517 1241; x_wconf 86' lang='lat' dir='ltr'><strong>Nec</strong></span> <span class='ocrx_word' id='word_1_92' title='bbox 532 1182 591 1242; x_wconf 90' lang='lat' dir='ltr'><strong>alio</strong></span> <span class='ocrx_word' id='word_1_93' title='bbox 607 1182 707 1243; x_wconf 90' lang='lat' dir='ltr'><strong>animo</strong></span> <span class='ocrx_word' id='word_1_94' title='bbox 719 1189 870 1245; x_wconf 87' lang='lat' dir='ltr'><strong>rectorem</strong></span> <span class='ocrx_word' id='word_1_95' title='bbox 884 1200 977 1246; x_wconf 90' lang='lat' dir='ltr'><strong>sunm</strong></span> <span class='ocrx_word' id='word_1_96' title='bbox 993 1187 1089 1249; x_wconf 88' lang='lat' dir='ltr'><strong>intue-</strong></span> 
     </span>
     <span class='ocr_line' id='line_1_13' title="bbox 115 1266 1088 1343; baseline 0.003 -15"><span class='ocrx_word' id='word_1_97' title='bbox 115 1276 175 1341; x_wconf 91' lang='lat' dir='ltr'><strong>tur,</strong></span> <span class='ocrx_word' id='word_1_98' title='bbox 200 1267 332 1343; x_wconf 89' lang='lat' dir='ltr'><strong>quamsi</strong></span> <span class='ocrx_word' id='word_1_99' title='bbox 349 1266 379 1326; x_wconf 90' lang='lat' dir='ltr'><strong>di</strong></span> <span class='ocrx_word' id='word_1_100' title='bbox 391 1266 565 1326; x_wconf 87' lang='lat' dir='ltr'><strong>inmortales</strong></span> <span class='ocrx_word' id='word_1_101' title='bbox 579 1272 760 1340; x_wconf 85' lang='lat' dir='ltr'><strong>potestatam</strong></span> <span class='ocrx_word' id='word_1_102' title='bbox 772 1269 892 1329; x_wconf 86' lang='lat' dir='ltr'><strong>visendi</strong></span> <span class='ocrx_word' id='word_1_103' title='bbox 904 1268 954 1331; x_wconf 91' lang='lat' dir='ltr'><strong>sui</strong></span> <span class='ocrx_word' id='word_1_104' title='bbox 966 1269 1088 1331; x_wconf 88' lang='lat' dir='ltr'><strong>laciant</strong></span> 
     </span>
     <span class='ocr_line' id='line_1_14' title="bbox 115 1350 1088 1431; baseline 0.002 -19"><span class='ocrx_word' id='word_1_105' title='bbox 115 1353 297 1431; x_wconf 84' lang='lat' dir='ltr'><strong>[intueamur</strong></span> <span class='ocrx_word' id='word_1_106' title='bbox 318 1357 497 1410; x_wconf 87' lang='lat' dir='ltr'><strong>venerantes</strong></span> <span class='ocrx_word' id='word_1_107' title='bbox 518 1350 738 1428; x_wconf 83' lang='lat' dir='ltr'><strong>calentesque]</strong></span> <span class='ocrx_word' id='word_1_108' title='bbox 777 1350 856 1424; x_wconf 80' lang='lat' dir='ltr'><strong>Quid</strong></span> <span class='ocrx_word' id='word_1_109' title='bbox 874 1358 1001 1415; x_wconf 83' lang='lat' dir='ltr'><strong>autenrt</strong></span> <span class='ocrx_word' id='word_1_110' title='bbox 1028 1370 1088 1414; x_wconf 86' lang='lat' dir='ltr'><strong>non</strong></span> 
     </span>
     <span class='ocr_line' id='line_1_15' title="bbox 116 1432 1089 1511; baseline 0.003 -16"><span class='ocrx_word' id='word_1_111' title='bbox 116 1436 287 1511; x_wconf 89' lang='lat' dir='ltr'><strong>proximum</strong></span> <span class='ocrx_word' id='word_1_112' title='bbox 307 1432 365 1492; x_wconf 88' lang='lat' dir='ltr'><strong>illis</strong></span> <span class='ocrx_word' id='word_1_113' title='bbox 387 1435 487 1493; x_wconf 88' lang='lat' dir='ltr'><strong>locum</strong></span> <span class='ocrx_word' id='word_1_114' title='bbox 508 1438 589 1491; x_wconf 90' lang='lat' dir='ltr'><strong>tenet</strong></span> <span class='ocrx_word' id='word_1_115' title='bbox 602 1433 643 1506; x_wconf 89' lang='lat' dir='ltr'><strong>is,</strong></span> <span class='ocrx_word' id='word_1_116' title='bbox 666 1434 718 1507; x_wconf 90' lang='lat' dir='ltr'><strong>qui</strong></span> <span class='ocrx_word' id='word_1_117' title='bbox 733 1449 768 1493; x_wconf 91' lang='lat' dir='ltr'><strong>se</strong></span> <span class='ocrx_word' id='word_1_118' title='bbox 783 1450 821 1494; x_wconf 90' lang='lat' dir='ltr'><strong>ex</strong></span> <span class='ocrx_word' id='word_1_119' title='bbox 836 1437 965 1497; x_wconf 88' lang='lat' dir='ltr'><strong>deorum</strong></span> <span class='ocrx_word' id='word_1_120' title='bbox 981 1444 1089 1498; x_wconf 90' lang='lat' dir='ltr'><strong>natura</strong></span> 
     </span>
     <span class='ocr_line' id='line_1_16' title="bbox 114 1515 1087 1595; baseline 0.003 -17"><span class='ocrx_word' id='word_1_121' title='bbox 114 1520 192 1595; x_wconf 87' lang='lat' dir='ltr'><strong>gerit</strong></span> <span class='ocrx_word' id='word_1_122' title='bbox 210 1517 367 1577; x_wconf 82' lang='lat' dir='ltr'><strong>beneficus</strong></span> <span class='ocrx_word' id='word_1_123' title='bbox 390 1532 427 1575; x_wconf 90' lang='lat' dir='ltr'><strong>ac</strong></span> <span class='ocrx_word' id='word_1_124' title='bbox 447 1515 550 1590; x_wconf 88' lang='lat' dir='ltr'><strong>largus</strong></span> <span class='ocrx_word' id='word_1_125' title='bbox 571 1524 601 1577; x_wconf 89' lang='lat' dir='ltr'><strong>et</strong></span> <span class='ocrx_word' id='word_1_126' title='bbox 620 1517 650 1575; x_wconf 89' lang='lat' dir='ltr'><strong>ln</strong></span> <span class='ocrx_word' id='word_1_127' title='bbox 665 1515 772 1576; x_wconf 88' lang='lat' dir='ltr'><strong>melius</strong></span> <span class='ocrx_word' id='word_1_128' title='bbox 788 1525 921 1593; x_wconf 69' lang='lat' dir='ltr'><strong>potens?</strong></span> <span class='ocrx_word' id='word_1_129' title='bbox 951 1520 1020 1581; x_wconf 86' lang='lat' dir='ltr'><strong>Hoc</strong></span> <span class='ocrx_word' id='word_1_130' title='bbox 1035 1521 1087 1581; x_wconf 92' lang='lat' dir='ltr'><strong>ad·</strong></span> 
     </span>
     <span class='ocr_line' id='line_1_17' title="bbox 115 1598 1086 1680; baseline 0.001 -19"><span class='ocrx_word' id='word_1_131' title='bbox 115 1605 244 1674; x_wconf 86' lang='lat' dir='ltr'><strong>lactare,</strong></span> <span class='ocrx_word' id='word_1_132' title='bbox 266 1600 325 1660; x_wconf 89' lang='lat' dir='ltr'><strong>hoc</strong></span> <span class='ocrx_word' id='word_1_133' title='bbox 340 1598 448 1659; x_wconf 88' lang='lat' dir='ltr'><strong>imitari</strong></span> <span class='ocrx_word' id='word_1_134' title='bbox 463 1599 564 1672; x_wconf 87' lang='lat' dir='ltr'><strong>decet,</strong></span> <span class='ocrx_word' id='word_1_135' title='bbox 588 1601 750 1661; x_wconf 86' lang='lat' dir='ltr'><strong>maximum</strong></span> <span class='ocrx_word' id='word_1_136' title='bbox 766 1601 809 1661; x_wconf 82' lang='lat' dir='ltr'><strong>ita</strong></span> <span class='ocrx_word' id='word_1_137' title='bbox 823 1600 945 1676; x_wconf 88' lang='lat' dir='ltr'><strong>baberi,</strong></span> <span class='ocrx_word' id='word_1_138' title='bbox 967 1604 1086 1680; x_wconf 87' lang='lat' dir='ltr'><strong>utopll·</strong></span> 
     </span>
     <span class='ocr_line' id='line_1_18' title="bbox 115 1684 442 1745; baseline -0.006 -3"><span class='ocrx_word' id='word_1_139' title='bbox 115 1701 183 1745; x_wconf 87' lang='lat' dir='ltr'><strong>rnns</strong></span> <span class='ocrx_word' id='word_1_140' title='bbox 198 1685 286 1745; x_wconf 90' lang='lat' dir='ltr'><strong>simul</strong></span> <span class='ocrx_word' id='word_1_141' title='bbox 302 1684 442 1744; x_wconf 87' lang='lat' dir='ltr'><strong>habeare.</strong></span> 
     </span>
    </p>

    <p class='ocr_par' dir='ltr' id='par_1_5' title="bbox 88 1766 1088 2095">
     <span class='ocr_line' id='line_1_19' title="bbox 88 1766 1086 1845; baseline -0.004 -17"><span class='ocrx_word' id='word_1_142' title='bbox 88 1783 102 1833; x_wconf 88' lang='lat'>1</span> <span class='ocrx_word' id='word_1_143' title='bbox 176 1766 1086 1845; x_wconf 74' lang='lat' dir='ltr'><strong>xx.aduabnsoauslspunlroprinoepssolen</strong></span> 
     </span>
     <span class='ocr_line' id='line_1_20' title="bbox 116 1849 1086 1935; baseline 0.001 -25"><span class='ocrx_word' id='word_1_144' title='bbox 116 1854 166 1925; x_wconf 87' lang='lat' dir='ltr'><strong>[le</strong></span> <span class='ocrx_word' id='word_1_145' title='bbox 182 1858 247 1911; x_wconf 89' lang='lat' dir='ltr'><strong>aut</strong></span> <span class='ocrx_word' id='word_1_146' title='bbox 268 1849 710 1911; x_wconf 86' lang='lat' dir='ltr'><strong>sevindicatuutalium.</strong></span> <span class='ocrx_word' id='word_1_147' title='bbox 735 1852 843 1935; x_wconf 81' lang='lat' dir='ltr'><strong>prius</strong></span> <span class='ocrx_word' id='word_1_148' title='bbox 859 1852 1086 1929; x_wconf 86' lang='lat' dir='ltr'><strong>deeaparte</strong></span> 
     </span>
     <span class='ocr_line' id='line_1_21' title="bbox 116 1931 1088 2008; baseline 0.002 -14"><span class='ocrx_word' id='word_1_149' title='bbox 116 1936 322 2004; x_wconf 86' lang='lat' dir='ltr'><strong>disseram,</strong></span> <span class='ocrx_word' id='word_1_150' title='bbox 353 1947 449 2007; x_wconf 89' lang='lat' dir='ltr'><strong>quae</strong></span> <span class='ocrx_word' id='word_1_151' title='bbox 476 1931 601 2006; x_wconf 84' lang='lat' dir='ltr'><strong>ipsum</strong></span> <span class='ocrx_word' id='word_1_152' title='bbox 623 1933 833 2008; x_wconf 78' lang='lat' dir='ltr'><strong>contingit=</strong></span> <span class='ocrx_word' id='word_1_153' title='bbox 863 1934 1020 1999; x_wconf 85' lang='lat' dir='ltr'><strong>dillicilius</strong></span> <span class='ocrx_word' id='word_1_154' title='bbox 1040 1945 1088 1997; x_wconf 85' lang='lat' dir='ltr'><strong>est</strong></span> 
     </span>
     <span class='ocr_line' id='line_1_22' title="bbox 115 2014 1086 2095; baseline -0.001 -18"><span class='ocrx_word' id='word_1_155' title='bbox 115 2018 194 2077; x_wconf 90' lang='lat' dir='ltr'><strong>enim</strong></span> <span class='ocrx_word' id='word_1_156' title='bbox 206 2014 367 2086; x_wconf 89' lang='lat' dir='ltr'><strong>moderari,</strong></span> <span class='ocrx_word' id='word_1_157' title='bbox 382 2015 434 2075; x_wconf 92' lang='lat' dir='ltr'><strong>ubi</strong></span> <span class='ocrx_word' id='word_1_158' title='bbox 444 2014 541 2074; x_wconf 86' lang='lat' dir='ltr'><strong>dolori</strong></span> <span class='ocrx_word' id='word_1_159' title='bbox 551 2015 679 2077; x_wconf 89' lang='lat' dir='ltr'><strong>debetur</strong></span> <span class='ocrx_word' id='word_1_160' title='bbox 687 2017 759 2079; x_wconf 93' lang='lat' dir='ltr'><strong>ultio</strong></span> <span class='ocrx_word' id='word_1_161' title='bbox 769 2034 859 2092; x_wconf 84' lang='lat' dir='ltr'><strong>quarn</strong></span> <span class='ocrx_word' id='word_1_162' title='bbox 870 2019 923 2079; x_wconf 87' lang='lat' dir='ltr'><strong>ubi</strong></span> <span class='ocrx_word' id='word_1_163' title='bbox 932 2021 1086 2095; x_wconf 77' lang='lat' dir='ltr'><strong>exemplo.</strong></span> 
     </span>
    </p>

    <p class='ocr_par' dir='ltr' id='par_1_6' title="bbox 87 2098 1094 2675">
     <span class='ocr_line' id='line_1_23' title="bbox 87 2098 1087 2177; baseline 0.002 -16"><span class='ocrx_word' id='word_1_164' title='bbox 87 2101 346 2177; x_wconf 81' lang='lat' dir='ltr'><strong>aSnpervacuum</strong></span> <span class='ocrx_word' id='word_1_165' title='bbox 367 2107 414 2159; x_wconf 87' lang='lat' dir='ltr'><strong>cst</strong></span> <span class='ocrx_word' id='word_1_166' title='bbox 434 2099 492 2159; x_wconf 87' lang='lat' dir='ltr'><strong>hoc</strong></span> <span class='ocrx_word' id='word_1_167' title='bbox 512 2098 582 2159; x_wconf 89' lang='lat' dir='ltr'><strong>loco</strong></span> <span class='ocrx_word' id='word_1_168' title='bbox 603 2100 785 2174; x_wconf 89' lang='lat' dir='ltr'><strong>admonere,</strong></span> <span class='ocrx_word' id='word_1_169' title='bbox 807 2117 846 2161; x_wconf 86' lang='lat' dir='ltr'><strong>ne</strong></span> <span class='ocrx_word' id='word_1_170' title='bbox 866 2103 957 2163; x_wconf 83' lang='lat' dir='ltr'><strong>facila</strong></span> <span class='ocrx_word' id='word_1_171' title='bbox 972 2103 1087 2175; x_wconf 88' lang='lat' dir='ltr'><strong>credat,</strong></span> 
     </span>
     <span class='ocr_line' id='line_1_24' title="bbox 114 2182 1087 2261; baseline 0.001 -16"><span class='ocrx_word' id='word_1_172' title='bbox 114 2193 148 2245; x_wconf 92' lang='lat' dir='ltr'><strong>ut</strong></span> <span class='ocrx_word' id='word_1_173' title='bbox 163 2201 266 2245; x_wconf 87' lang='lat' dir='ltr'><strong>verum</strong></span> <span class='ocrx_word' id='word_1_174' title='bbox 283 2183 429 2257; x_wconf 75' lang='lat' dir='ltr'><strong>excudat,</strong></span> <span class='ocrx_word' id='word_1_175' title='bbox 450 2189 482 2243; x_wconf 93' lang='lat' dir='ltr'><strong>ut</strong></span> <span class='ocrx_word' id='word_1_176' title='bbox 496 2182 686 2244; x_wconf 87' lang='lat' dir='ltr'><strong>innocentiae</strong></span> <span class='ocrx_word' id='word_1_177' title='bbox 701 2185 803 2245; x_wconf 84' lang='lat' dir='ltr'><strong>faveat</strong></span> <span class='ocrx_word' id='word_1_178' title='bbox 816 2191 862 2259; x_wconf 86' lang='lat' dir='ltr'><strong>(et</strong></span> <span class='ocrx_word' id='word_1_179' title='bbox 871 2192 906 2246; x_wconf 95' lang='lat' dir='ltr'><strong>ut</strong></span> <span class='ocrx_word' id='word_1_180' title='bbox 915 2186 1087 2261; x_wconf 87' lang='lat' dir='ltr'><strong>adpareat),</strong></span> 
     </span>
     <span class='ocr_line' id='line_1_25' title="bbox 115 2265 1087 2344; baseline 0.001 -15"><span class='ocrx_word' id='word_1_181' title='bbox 115 2277 148 2329; x_wconf 94' lang='lat' dir='ltr'><strong>ut</strong></span> <span class='ocrx_word' id='word_1_182' title='bbox 168 2284 228 2328; x_wconf 91' lang='lat' dir='ltr'><strong>non</strong></span> <span class='ocrx_word' id='word_1_183' title='bbox 249 2267 395 2328; x_wconf 88' lang='lat' dir='ltr'><strong>minorem</strong></span> <span class='ocrx_word' id='word_1_184' title='bbox 413 2265 462 2341; x_wconf 88' lang='lat' dir='ltr'><strong>agi</strong></span> <span class='ocrx_word' id='word_1_185' title='bbox 476 2280 538 2326; x_wconf 89' lang='lat' dir='ltr'><strong>rem</strong></span> <span class='ocrx_word' id='word_1_186' title='bbox 556 2267 752 2341; x_wconf 86' lang='lat' dir='ltr'><strong>periclitantis</strong></span> <span class='ocrx_word' id='word_1_187' title='bbox 768 2284 860 2344; x_wconf 83' lang='lat' dir='ltr'><strong>quum</strong></span> <span class='ocrx_word' id='word_1_188' title='bbox 874 2267 985 2329; x_wconf 89' lang='lat' dir='ltr'><strong>iudicis</strong></span> <span class='ocrx_word' id='word_1_189' title='bbox 999 2270 1087 2331; x_wconf 86' lang='lat' dir='ltr'><strong>sciat</strong></span> 
     </span>
     <span class='ocr_line' id='line_1_26' title="bbox 115 2349 1088 2427; baseline 0.003 -17"><span class='ocrx_word' id='word_1_190' title='bbox 115 2352 174 2412; x_wconf 88' lang='lat' dir='ltr'><strong>hoc</strong></span> <span class='ocrx_word' id='word_1_191' title='bbox 190 2350 269 2410; x_wconf 87' lang='lat' dir='ltr'><strong>enim</strong></span> <span class='ocrx_word' id='word_1_192' title='bbox 284 2352 323 2411; x_wconf 93' lang='lat' dir='ltr'><strong>ad</strong></span> <span class='ocrx_word' id='word_1_193' title='bbox 338 2349 489 2422; x_wconf 86' lang='lat' dir='ltr'><strong>iustitiam,</strong></span> <span class='ocrx_word' id='word_1_194' title='bbox 505 2364 565 2409; x_wconf 90' lang='lat' dir='ltr'><strong>non</strong></span> <span class='ocrx_word' id='word_1_195' title='bbox 580 2350 620 2409; x_wconf 90' lang='lat' dir='ltr'><strong>ad</strong></span> <span class='ocrx_word' id='word_1_196' title='bbox 635 2351 822 2412; x_wconf 86' lang='lat' dir='ltr'><strong>clementiam</strong></span> <span class='ocrx_word' id='word_1_197' title='bbox 838 2351 983 2427; x_wconf 80' lang='lat' dir='ltr'><strong>pertinet:</strong></span> <span class='ocrx_word' id='word_1_198' title='bbox 1004 2369 1088 2414; x_wconf 84' lang='lat' dir='ltr'><strong>nurrc</strong></span> 
     </span>
     <span class='ocr_line' id='line_1_27' title="bbox 115 2433 1094 2511; baseline 0.002 -18"><span class='ocrx_word' id='word_1_199' title='bbox 115 2435 197 2495; x_wconf 89' lang='lat' dir='ltr'><strong>illum</strong></span> <span class='ocrx_word' id='word_1_200' title='bbox 212 2435 380 2507; x_wconf 88' lang='lat' dir='ltr'><strong>hortamur,</strong></span> <span class='ocrx_word' id='word_1_201' title='bbox 402 2441 434 2495; x_wconf 91' lang='lat' dir='ltr'><strong>ut</strong></span> <span class='ocrx_word' id='word_1_202' title='bbox 453 2433 613 2493; x_wconf 88' lang='lat' dir='ltr'><strong>manilesle</strong></span> <span class='ocrx_word' id='word_1_203' title='bbox 629 2436 732 2495; x_wconf 87' lang='lat' dir='ltr'><strong>laesus</strong></span> <span class='ocrx_word' id='word_1_204' title='bbox 743 2435 876 2496; x_wconf 91' lang='lat' dir='ltr'><strong>animum</strong></span> <span class='ocrx_word' id='word_1_205' title='bbox 889 2436 921 2495; x_wconf 91' lang='lat' dir='ltr'><strong>iu</strong></span> <span class='ocrx_word' id='word_1_206' title='bbox 935 2443 1094 2511; x_wconf 87' lang='lat' dir='ltr'><strong>potestate.</strong></span> 
     </span>
     <span class='ocr_line' id='line_1_28' title="bbox 114 2517 1087 2594; baseline 0.006 -19"><span class='ocrx_word' id='word_1_207' title='bbox 114 2517 225 2578; x_wconf 86' lang='lat' dir='ltr'><strong>habeat</strong></span> <span class='ocrx_word' id='word_1_208' title='bbox 250 2526 280 2578; x_wconf 92' lang='lat' dir='ltr'><strong>et</strong></span> <span class='ocrx_word' id='word_1_209' title='bbox 304 2533 454 2594; x_wconf 89' lang='lat' dir='ltr'><strong>poenam,</strong></span> <span class='ocrx_word' id='word_1_210' title='bbox 483 2517 510 2576; x_wconf 89' lang='lat' dir='ltr'><strong>si</strong></span> <span class='ocrx_word' id='word_1_211' title='bbox 532 2523 594 2577; x_wconf 91' lang='lat' dir='ltr'><strong>tuto</strong></span> <span class='ocrx_word' id='word_1_212' title='bbox 616 2517 741 2592; x_wconf 82' lang='lat' dir='ltr'><strong>poterit,</strong></span> <span class='ocrx_word' id='word_1_213' title='bbox 771 2519 879 2592; x_wconf 87' lang='lat' dir='ltr'><strong>donet,</strong></span> <span class='ocrx_word' id='word_1_214' title='bbox 906 2519 954 2579; x_wconf 91' lang='lat' dir='ltr'><strong>sin</strong></span> <span class='ocrx_word' id='word_1_215' title='bbox 974 2518 1087 2592; x_wconf 78' lang='lat' dir='ltr'><strong>ninus,</strong></span> 
     </span>
     <span class='ocr_line' id='line_1_29' title="bbox 115 2597 1087 2675; baseline 0.004 -16"><span class='ocrx_word' id='word_1_216' title='bbox 115 2608 262 2673; x_wconf 86' lang='lat' dir='ltr'><strong>temperat</strong></span> <span class='ocrx_word' id='word_1_217' title='bbox 279 2601 431 2675; x_wconf 88' lang='lat' dir='ltr'><strong>longeque</strong></span> <span class='ocrx_word' id='word_1_218' title='bbox 446 2597 485 2658; x_wconf 91' lang='lat' dir='ltr'><strong>sit</strong></span> <span class='ocrx_word' id='word_1_219' title='bbox 499 2599 529 2657; x_wconf 93' lang='lat' dir='ltr'><strong>in</strong></span> <span class='ocrx_word' id='word_1_220' title='bbox 544 2600 610 2660; x_wconf 92' lang='lat' dir='ltr'><strong>suls</strong></span> <span class='ocrx_word' id='word_1_221' title='bbox 626 2617 718 2675; x_wconf 91' lang='lat' dir='ltr'><strong>qnam</strong></span> <span class='ocrx_word' id='word_1_222' title='bbox 733 2602 763 2663; x_wconf 92' lang='lat' dir='ltr'><strong>iu</strong></span> <span class='ocrx_word' id='word_1_223' title='bbox 778 2602 886 2665; x_wconf 89' lang='lat' dir='ltr'><strong>alianis</strong></span> <span class='ocrx_word' id='word_1_224' title='bbox 901 2601 1018 2664; x_wconf 86' lang='lat' dir='ltr'><strong>iniuriis</strong></span> <span class='ocrx_word' id='word_1_225' title='bbox 1032 2619 1087 2663; x_wconf 88' lang='lat' dir='ltr'><strong>ex·</strong></span> 
     </span>
    </p>

    <p class='ocr_par' dir='ltr' id='par_1_7' title="bbox 83 2682 1090 3258">
     <span class='ocr_line' id='line_1_30' title="bbox 83 2682 1087 2762; baseline 0.004 -19"><span class='ocrx_word' id='word_1_226' title='bbox 83 2699 100 2754; x_wconf 83' lang='lat'><strong>3</strong></span> <span class='ocrx_word' id='word_1_227' title='bbox 115 2683 267 2744; x_wconf 89' lang='lat' dir='ltr'><strong>orabillor.</strong></span> <span class='ocrx_word' id='word_1_228' title='bbox 301 2683 376 2741; x_wconf 91' lang='lat' dir='ltr'><strong>Nam</strong></span> <span class='ocrx_word' id='word_1_229' title='bbox 392 2682 647 2757; x_wconf 89' lang='lat' dir='ltr'><strong>quemadmodum</strong></span> <span class='ocrx_word' id='word_1_230' title='bbox 664 2701 723 2745; x_wconf 91' lang='lat' dir='ltr'><strong>uon</strong></span> <span class='ocrx_word' id='word_1_231' title='bbox 740 2693 788 2747; x_wconf 91' lang='lat' dir='ltr'><strong>est</strong></span> <span class='ocrx_word' id='word_1_232' title='bbox 801 2684 903 2761; x_wconf 84' lang='lat' dir='ltr'><strong>magni</strong></span> <span class='ocrx_word' id='word_1_233' title='bbox 916 2685 1017 2760; x_wconf 74' lang='lat' dir='ltr'><strong>aniani,</strong></span> <span class='ocrx_word' id='word_1_234' title='bbox 1033 2688 1087 2762; x_wconf 91' lang='lat' dir='ltr'><strong>qui</strong></span> 
     </span>
     <span class='ocr_line' id='line_1_31' title="bbox 114 2765 1088 2844; baseline 0.002 -16"><span class='ocrx_word' id='word_1_235' title='bbox 114 2768 153 2828; x_wconf 86' lang='lat' dir='ltr'><strong>de</strong></span> <span class='ocrx_word' id='word_1_236' title='bbox 167 2766 265 2827; x_wconf 87' lang='lat' dir='ltr'><strong>uliano</strong></span> <span class='ocrx_word' id='word_1_237' title='bbox 282 2765 414 2826; x_wconf 89' lang='lat' dir='ltr'><strong>liberalis</strong></span> <span class='ocrx_word' id='word_1_238' title='bbox 429 2771 491 2838; x_wconf 90' lang='lat' dir='ltr'><strong>est,</strong></span> <span class='ocrx_word' id='word_1_239' title='bbox 507 2766 562 2825; x_wconf 89' lang='lat' dir='ltr'><strong>sed</strong></span> <span class='ocrx_word' id='word_1_240' title='bbox 578 2766 627 2827; x_wconf 92' lang='lat' dir='ltr'><strong>ille</strong></span> <span class='ocrx_word' id='word_1_241' title='bbox 643 2768 694 2842; x_wconf 87' lang='lat' dir='ltr'><strong>qui</strong></span> <span class='ocrx_word' id='word_1_242' title='bbox 710 2770 794 2843; x_wconf 87' lang='lat' dir='ltr'><strong>quod</strong></span> <span class='ocrx_word' id='word_1_243' title='bbox 808 2769 894 2830; x_wconf 87' lang='lat' dir='ltr'><strong>atteri</strong></span> <span class='ocrx_word' id='word_1_244' title='bbox 909 2770 1012 2844; x_wconf 91' lang='lat' dir='ltr'><strong>donat,</strong></span> <span class='ocrx_word' id='word_1_245' title='bbox 1028 2770 1088 2830; x_wconf 89' lang='lat' dir='ltr'><strong>sibi</strong></span> 
     </span>
     <span class='ocr_line' id='line_1_32' title="bbox 114 2850 1087 2933; baseline 0.002 -21"><span class='ocrx_word' id='word_1_246' title='bbox 114 2850 257 2925; x_wconf 89' lang='lat' dir='ltr'><strong>detrahit,</strong></span> <span class='ocrx_word' id='word_1_247' title='bbox 285 2852 327 2910; x_wconf 90' lang='lat' dir='ltr'><strong>ita</strong></span> <span class='ocrx_word' id='word_1_248' title='bbox 346 2851 523 2933; x_wconf 81' lang='lat' dir='ltr'><strong>clementem</strong></span> <span class='ocrx_word' id='word_1_249' title='bbox 544 2852 663 2913; x_wconf 88' lang='lat' dir='ltr'><strong>vocabo</strong></span> <span class='ocrx_word' id='word_1_250' title='bbox 682 2868 742 2912; x_wconf 90' lang='lat' dir='ltr'><strong>non</strong></span> <span class='ocrx_word' id='word_1_251' title='bbox 758 2854 787 2912; x_wconf 90' lang='lat' dir='ltr'><strong>in</strong></span> <span class='ocrx_word' id='word_1_252' title='bbox 803 2853 904 2915; x_wconf 85' lang='lat' dir='ltr'><strong>alieno</strong></span> <span class='ocrx_word' id='word_1_253' title='bbox 919 2854 1027 2914; x_wconf 87' lang='lat' dir='ltr'><strong>dolore</strong></span> <span class='ocrx_word' id='word_1_254' title='bbox 1043 2856 1087 2915; x_wconf 87' lang='lat' dir='ltr'><strong>ta·</strong></span> 
     </span>
     <span class='ocr_line' id='line_1_33' title="bbox 114 2933 1088 3012; baseline 0.004 -18"><span class='ocrx_word' id='word_1_255' title='bbox 114 2933 216 3006; x_wconf 84' lang='lat' dir='ltr'><strong>ollem,</strong></span> <span class='ocrx_word' id='word_1_256' title='bbox 239 2935 401 3007; x_wconf 88' lang='lat' dir='ltr'><strong>sedeam,</strong></span> <span class='ocrx_word' id='word_1_257' title='bbox 423 2933 474 3008; x_wconf 92' lang='lat' dir='ltr'><strong>qui</strong></span> <span class='ocrx_word' id='word_1_258' title='bbox 496 2949 564 2993; x_wconf 88' lang='lat' dir='ltr'><strong>cum</strong></span> <span class='ocrx_word' id='word_1_259' title='bbox 586 2934 653 2996; x_wconf 91' lang='lat' dir='ltr'><strong>snis</strong></span> <span class='ocrx_word' id='word_1_260' title='bbox 670 2937 800 2996; x_wconf 88' lang='lat' dir='ltr'><strong>stimulis</strong></span> <span class='ocrx_word' id='word_1_261' title='bbox 817 2936 1000 3012; x_wconf 86' lang='lat' dir='ltr'><strong>exagitetur,</strong></span> <span class='ocrx_word' id='word_1_262' title='bbox 1024 2954 1088 2998; x_wconf 91' lang='lat' dir='ltr'><strong>non</strong></span> 
     </span>
     <span class='ocr_line' id='line_1_34' title="bbox 112 3017 1090 3093; baseline 0.007 -19"><span class='ocrx_word' id='word_1_263' title='bbox 112 3017 245 3093; x_wconf 86' lang='lat' dir='ltr'><strong>prosilit,</strong></span> <span class='ocrx_word' id='word_1_264' title='bbox 263 3018 314 3092; x_wconf 91' lang='lat' dir='ltr'><strong>qui</strong></span> <span class='ocrx_word' id='word_1_265' title='bbox 328 3017 473 3091; x_wconf 81' lang='lat' dir='ltr'><strong>intellegit</strong></span> <span class='ocrx_word' id='word_1_266' title='bbox 490 3018 591 3092; x_wconf 85' lang='lat' dir='ltr'><strong>magui</strong></span> <span class='ocrx_word' id='word_1_267' title='bbox 601 3019 693 3078; x_wconf 90' lang='lat' dir='ltr'><strong>animi</strong></span> <span class='ocrx_word' id='word_1_268' title='bbox 704 3034 775 3079; x_wconf 86' lang='lat' dir='ltr'><strong>essu</strong></span> <span class='ocrx_word' id='word_1_269' title='bbox 786 3019 912 3080; x_wconf 89' lang='lat' dir='ltr'><strong>iniurias</strong></span> <span class='ocrx_word' id='word_1_270' title='bbox 922 3021 953 3081; x_wconf 93' lang='lat' dir='ltr'><strong>in</strong></span> <span class='ocrx_word' id='word_1_271' title='bbox 966 3036 1090 3081; x_wconf 86' lang='lat' dir='ltr'><strong>summu</strong></span> 
     </span>
     <span class='ocr_line' id='line_1_35' title="bbox 112 3100 1089 3179; baseline 0.006 -21"><span class='ocrx_word' id='word_1_272' title='bbox 112 3101 248 3175; x_wconf 89' lang='lat' dir='ltr'><strong>potentia</strong></span> <span class='ocrx_word' id='word_1_273' title='bbox 269 3100 332 3176; x_wconf 89' lang='lat' dir='ltr'><strong>pati</strong></span> <span class='ocrx_word' id='word_1_274' title='bbox 354 3117 410 3160; x_wconf 90' lang='lat' dir='ltr'><strong>nec</strong></span> <span class='ocrx_word' id='word_1_275' title='bbox 431 3101 595 3176; x_wconf 87' lang='lat' dir='ltr'><strong>quicquam</strong></span> <span class='ocrx_word' id='word_1_276' title='bbox 615 3117 687 3164; x_wconf 87' lang='lat' dir='ltr'><strong>esse</strong></span> <span class='ocrx_word' id='word_1_277' title='bbox 702 3102 866 3176; x_wconf 79' lang='lat' dir='ltr'><strong>gloriosius</strong></span> <span class='ocrx_word' id='word_1_278' title='bbox 885 3102 1024 3179; x_wconf 85' lang='lat' dir='ltr'><strong>principe</strong></span> <span class='ocrx_word' id='word_1_279' title='bbox 1042 3105 1089 3164; x_wconf 91' lang='lat' dir='ltr'><strong>in·</strong></span> 
     </span>
     <span class='ocr_line' id='line_1_36' title="bbox 113 3184 304 3258; baseline -0.01 -16"><span class='ocrx_word' id='word_1_280' title='bbox 113 3199 194 3258; x_wconf 86' lang='lat' dir='ltr'><strong>puna</strong></span> <span class='ocrx_word' id='word_1_281' title='bbox 210 3184 304 3244; x_wconf 87' lang='lat' dir='ltr'><strong>laeso.</strong></span> 
     </span>
    </p>

    <p class='ocr_par' dir='ltr' id='par_1_8' title="bbox 86 3265 1089 3513">
     <span class='ocr_line' id='line_1_37' title="bbox 86 3265 1089 3344; baseline 0.006 -17"><span class='ocrx_word' id='word_1_282' title='bbox 86 3282 100 3335; x_wconf 92' lang='grc' dir='ltr'>ι</span> <span class='ocrx_word' id='word_1_283' title='bbox 174 3265 251 3328; x_wconf 85' lang='lat' dir='ltr'>XXI.</span> <span class='ocrx_word' id='word_1_284' title='bbox 273 3266 353 3328; x_wconf 88' lang='lat' dir='ltr'><strong>Ultio</strong></span> <span class='ocrx_word' id='word_1_285' title='bbox 369 3267 446 3327; x_wconf 89' lang='lat' dir='ltr'><strong>duas</strong></span> <span class='ocrx_word' id='word_1_286' title='bbox 461 3283 511 3328; x_wconf 87' lang='lat' dir='ltr'><strong>res</strong></span> <span class='ocrx_word' id='word_1_287' title='bbox 527 3275 684 3343; x_wconf 86' lang='lat' dir='ltr'><strong>praestare</strong></span> <span class='ocrx_word' id='word_1_288' title='bbox 699 3270 792 3344; x_wconf 85' lang='lat' dir='ltr'><strong>solet,</strong></span> <span class='ocrx_word' id='word_1_289' title='bbox 807 3277 860 3332; x_wconf 89' lang='lat' dir='ltr'><strong>aut</strong></span> <span class='ocrx_word' id='word_1_290' title='bbox 873 3270 1016 3332; x_wconf 87' lang='lat' dir='ltr'><strong>solatium</strong></span> <span class='ocrx_word' id='word_1_291' title='bbox 1033 3273 1089 3333; x_wconf 92' lang='lat' dir='ltr'><strong>ad·</strong></span> 
     </span>
     <span class='ocr_line' id='line_1_38' title="bbox 112 3348 1089 3429; baseline 0.006 -21"><span class='ocrx_word' id='word_1_292' title='bbox 112 3350 170 3409; x_wconf 85' lang='lat' dir='ltr'><strong>tert</strong></span> <span class='ocrx_word' id='word_1_293' title='bbox 181 3351 224 3423; x_wconf 88' lang='lat' dir='ltr'><strong>ei,</strong></span> <span class='ocrx_word' id='word_1_294' title='bbox 241 3352 294 3425; x_wconf 91' lang='lat' dir='ltr'><strong>qni</strong></span> <span class='ocrx_word' id='word_1_295' title='bbox 308 3348 427 3425; x_wconf 86' lang='lat' dir='ltr'><strong>accepit</strong></span> <span class='ocrx_word' id='word_1_296' title='bbox 437 3350 591 3425; x_wconf 88' lang='lat' dir='ltr'><strong>iniuriam,</strong></span> <span class='ocrx_word' id='word_1_297' title='bbox 607 3359 658 3412; x_wconf 92' lang='lat' dir='ltr'><strong>aut</strong></span> <span class='ocrx_word' id='word_1_298' title='bbox 669 3353 698 3412; x_wconf 90' lang='lat' dir='ltr'><strong>in</strong></span> <span class='ocrx_word' id='word_1_299' title='bbox 711 3354 860 3429; x_wconf 85' lang='lat' dir='ltr'><strong>reliquum</strong></span> <span class='ocrx_word' id='word_1_300' title='bbox 873 3353 1089 3419; x_wconf 69' lang='lat' dir='ltr'><strong>secu-ritatemz</strong></span> 
     </span>
     <span class='ocr_line' id='line_1_39' title="bbox 111 3434 1089 3513; baseline 0.01 -23"><span class='ocrx_word' id='word_1_301' title='bbox 111 3434 258 3509; x_wconf 87' lang='lat' dir='ltr'><strong>principis</strong></span> <span class='ocrx_word' id='word_1_302' title='bbox 280 3434 375 3493; x_wconf 89' lang='lat' dir='ltr'><strong>maior</strong></span> <span class='ocrx_word' id='word_1_303' title='bbox 394 3441 441 3493; x_wconf 87' lang='lat' dir='ltr'><strong>est</strong></span> <span class='ocrx_word' id='word_1_304' title='bbox 457 3435 592 3510; x_wconf 87' lang='lat' dir='ltr'><strong>lortuna,</strong></span> <span class='ocrx_word' id='word_1_305' title='bbox 617 3451 708 3510; x_wconf 89' lang='lat' dir='ltr'><strong>quam</strong></span> <span class='ocrx_word' id='word_1_306' title='bbox 724 3444 755 3497; x_wconf 93' lang='lat' dir='ltr'><strong>nt</strong></span> <span class='ocrx_word' id='word_1_307' title='bbox 771 3437 880 3498; x_wconf 88' lang='lat' dir='ltr'><strong>solatio</strong></span> <span class='ocrx_word' id='word_1_308' title='bbox 895 3446 999 3513; x_wconf 86' lang='lat' dir='ltr'><strong>egeat,</strong></span> <span class='ocrx_word' id='word_1_309' title='bbox 1023 3456 1089 3500; x_wconf 89' lang='lat' dir='ltr'><strong>ma·</strong></span> 
     </span>
    </p>
   </div>
   <div class='ocr_carea' id='block_1_3' title="bbox 0 0 1194 3856">
    <p class='ocr_par' dir='ltr' id='par_1_9' title="bbox 0 0 1194 3856">
     <span class='ocr_line' id='line_1_40' title="bbox 0 0 1194 3856; baseline 0 0"><span class='ocrx_word' id='word_1_310' title='bbox 0 0 1194 3856; x_wconf 95' lang='lat' dir='ltr'><strong> </strong></span> 
     </span>
    </p>
   </div>
  </div>
 </body>
</html>
