2378 3856
224 210 278 271 AD
293 208 492 272 POLYBIUM
505 210 556 271 ult
572 210 932 278 consolamentum.
1003 213 1067 282 2³7

152 362 251 436 Haec,
266 368 432 436 utcumque
446 360 541 436 potui,
556 363 649 436 longo
664 362 725 421 iarn
739 363 800 423 situ
815 363 955 425 obsoleto
971 371 1001 424 et
1014 363 1096 443 lte-9

87 446 193 505 beloto
216 443 318 504 animo
339 445 503 519 conposui.
533 460 614 520 quae
635 446 663 505 si
685 453 736 507 aut
750 463 860 522 parum
874 449 1068 523 respondere

87 527 214 604 ingenio
237 535 290 588 tuo
312 535 366 588 aut
377 543 485 603 parum
500 529 614 588 mederi
629 529 729 590 dolori
742 530 941 606 videbuntur,
958 530 1067 607 cogita

88 626 181 689 quarn
206 625 269 672 non
294 611 396 686 possit
416 612 443 672 is
463 612 583 672 abenas
602 624 717 672 vacere
729 615 950 690 consolationi,
977 631 1068 691 quern

87 711 148 757 sua
160 696 242 754 maia
256 701 441 770 occupatum
454 700 575 769 tenent,
596 703 629 754 et
645 711 737 770 quam
751 711 814 756 non
829 697 919 759 facile
933 699 1026 759 latina
1040 700 1068 759 ei

85 779 204 840 homini
224 779 319 838 verba
340 785 537 851 succurrant,
564 792 656 853 quam
674 779 876 841 barbarorum
891 781 1068 843 inconditus

86 869 118 923 et
131 863 272 924 barbaris
289 861 416 937 quoque
428 858 659 923 humanioribus
675 863 927 937 gravis'lremitus
939 865 1063 925 nircum·

86 953 188 1006 senat
415 960 417 963 ’

491 1040 678 1055 „eu——

383 1142 769 1229 inluminentur
813 1084 817 1090 ⁸

239 1291 607 1391 D-IALOGORUM
636 1291 807 1387 LIBER
836 1293 921 1389 Xll·

312 1467 368 1517 AD
399 1466 622 1517 HELVIAM
648 1466 851 1516 MATREM

278 1631 308 1683 4
397 1584 464 1651 nu
479 1583 746 1653 nonsummum.

507 1715 659 1725 m

155 1793 177 1850 1.
202 1788 303 1863 Saepe
319 1787 387 1858 ianr,
403 1795 498 1848 mater
513 1787 636 1863 optima,
652 1789 787 1863 inpetum
804 1787 872 1862 cepi
888 1787 1097 1850 consolandil

89 1885 136 1949 te,
162 1887 259 1949 saepe
279 1871 422 1931 continui.
456 1879 490 1930 ut
509 1871 669 1944 auderem,
694 1873 788 1932 multa
803 1885 854 1930 me
869 1871 1068 1946 inponebant:

90 1959 223 2034 primum
238 1954 365 2014 videbar
379 1953 578 2028 depositurus
595 1954 696 2015 omnia
710 1955 919 2028 incommoda,
944 1970 1013 2015 cum
1027 1955 1069 2015 la—

91 2041 203 2101 crimas
226 2047 307 2111 tuas,
329 2037 448 2096 etiamsi
464 2039 656 2113 supprimere
671 2055 732 2098 non
746 2037 930 2114 potuissem,
951 2038 1069 2098 interim

92 2132 175 2199 certe
190 2122 415 2183 abstersissem.
449 2120 561 2182 deinde
576 2123 647 2196 plus
662 2122 834 2182 habiturum
845 2136 894 2180 me
908 2121 1069 2181 auctorita-

93 2209 131 2268 tis
152 2224 214 2268 non
235 2205 409 2267 dubitabam
425 2205 465 2265 ad
478 2205 671 2265 excitandam
688 2213 733 2279 te,
756 2204 783 2265 si
802 2206 886 2280 prior
906 2205 975 2278 ipse
998 2219 1069 2264 oon-

93 2292 309 2352 surrexissem.
343 2295 502 2364 practerea
520 2288 678 2362 timebam,
700 2304 740 2347 nc
759 2303 841 2347 amc
856 2285 936 2346 victa
951 2289 1072 2348 iortuna

94 2376 225 2450 aliquem
240 2388 380 2433 meorum
394 2372 539 2432 vinceret.
562 2371 666 2447 itaque
680 2379 845 2445 utcumque
860 2371 994 2430 conabar
1008 2386 1071 2430 ma·
1113 2443 1116 2446 Α

93 2476 135 2519 nu
161 2473 256 2533 super
281 2458 403 2532 plagam
428 2471 527 2515 meam
551 2456 686 2530 inposita
706 2456 745 2514 ad
767 2454 931 2528 obliganda
944 2455 1072 2516 volnera

93 2550 198 2615 vestra
211 2547 344 2616 reptare.
366 2541 433 2599 Hoc
445 2540 638 2616 propositum
652 2554 754 2600 meum
770 2545 855 2598 erant
868 2555 976 2599 rursus
992 2545 1100 2614 quael

92 2626 297 2687 retardarent:
326 2624 425 2685 dolori
445 2631 528 2698 tuo,
544 2625 615 2685 dum
636 2639 746 2684 recens
763 2623 911 2696 saeviret,
938 2624 1073 2684 sciebam
1161 2674 1166 2687 .

97 2709 322 2772 occurrendum
337 2725 399 2768 non
415 2725 502 2781 esse,
518 2725 556 2768 ne
572 2709 654 2768 illum
669 2708 738 2782 ipsa
753 2707 862 2768 solatia
873 2705 1031 2767 incitarent
1044 2712 1075 2765 ct

94 2793 309 2854 accenderent.
331 2806 402 2850 nam
416 2792 446 2850 in
458 2791 575 2851 morbis
588 2807 712 2865 quoque
725 2791 798 2849 nihil
810 2797 858 2850 est
868 2790 1073 2864 perniciosius

94 2891 187 2954 quarn
202 2876 353 2935 inmatura
366 2874 527 2933 medicina.
551 2874 768 2948 exspectabam
783 2873 901 2945 itaque,
918 2871 990 2931 dum
1005 2872 1073 2945 ipse

93 2962 177 3022 vires
193 2973 266 3019 suas
283 2956 437 3030 frangeret
451 2963 481 3016 et
495 2958 533 3016 ad
549 2956 730 3017 sustinenda
743 2954 880 3014 remedia
893 2969 980 3015 mora
994 2951 1072 3012 miti-

94 3049 184 3120 gatus
199 3041 282 3116 tangi
300 3055 336 3100 se
351 3055 387 3099 ac
402 3041 523 3100 tractari
535 3046 698 3115 pateretur.
720 3043 881 3113 praeterea
890 3052 960 3099 cum
971 3037 1074 3100 omnia

96 3127 337 3188 clarissimorum
355 3125 548 3200 ingeniorum
570 3129 767 3183 monumenta
780 3122 820 3182 ad
836 3121 1072 3198 conpescendos

94 3203 379 3283 moderandosque
392 3210 492 3268 luctus
518 3207 680 3283 conposita
699 3207 889 3282 evolverem,
911 3223 973 3268 non
988 3208 1072 3267 inve-

97 3295 217 3355 niebam
230 3292 403 3367 exemplum
411 3292 487 3368 eius,
497 3294 549 3369 qui
557 3293 736 3354 consolatus
744 3308 819 3354 snos
827 3298 919 3365 esset,
928 3290 1074 3365 cumipse

96 3378 135 3437 ab
160 3375 221 3438 illis
242 3377 483 3457 conploraretur.
515 3378 560 3439 lta
579 3377 610 3438 in
633 3393 667 3437 re
688 3392 770 3438 nova
782 3374 972 3437 haesitabam
987 3385 1103 3440 vere-a

94 3461 229 3537 parque,
250 3478 289 3523 ne
310 3460 388 3523 haec
409 3477 470 3538 non
492 3462 662 3525 consolatio
682 3469 782 3537 esset,
804 3459 861 3522 sed
876 3457 1073 3520 exulceratio.
