2378 3856
123 214 176 274 ΑΙ)
198 213 382 276 Maecium
403 214 454 275 DE
478 212 778 275 CONSOLATIONE.
807 221 927 277 att—25.
976 215 1037 280 137

58 361 172 439 dignus
189 365 363 427 sacerdotio
378 363 548 436 videretur,
570 370 705 423 materna
728 363 795 424 sine
813 363 906 425 dubio
928 365 1037 431 sull‘ra·

57 448 196 522 gatione,
223 448 335 513 sedne
354 455 451 511 meter
471 447 595 520 quidem
612 447 671 505 nisi
692 463 748 520 pro
769 447 853 508 bono
873 449 1036 511 candidato

45 533 215 592 ualuisset.
248 531 363 591 Harum
383 530 639 603 contemplatione
659 530 800 591 virtutum
818 529 917 591 lilium
940 532 954 568 *
974 535 1066 607 gerit

58 632 149 689 quam
170 612 252 680 sill
268 629 350 679 nune
369 614 420 674 ille
435 612 490 674 tihi
506 613 603 688 ntagis
618 621 716 673 vacat
748 629 828 673 nunc
845 615 918 674 nihil
936 615 1035 689 habet,

58 714 120 772 quo
135 706 274 759 vocetur.
297 711 462 772 numquam
475 697 532 763 ,tibi
545 696 758 772 sollicitudini,
773 712 938 773 numquam
953 715 1035 761 moe·

56 783 118 842 rori
135 781 199 841 erit.
228 782 312 858 quod
334 798 426 842 unum
446 796 485 841 ex
507 789 567 848 tam
588 781 670 844 bono
692 780 755 842 filio
776 789 901 856 poteras
922 784 1036 858 dolere,

56 866 196 925 doluisti:
220 873 320 927 cetera
340 872 482 940 exempta
502 864 641 937 casibus,
662 862 754 939 plena
769 865 935 941 voluptatis
956 877 1035 939 sunt,

57 947 84 1007 si
102 949 194 1008 modo
208 951 251 1009 uti
266 949 328 1010 filio
344 949 416 1022 scie,
432 947 565 1010 simodo
581 949 654 1024 quid
668 949 699 1007 in
712 950 764 1010 illo
781 949 1036 1024 pretiosissimum

55 1033 154 1106 luent,
170 1033 329 1108 intellegis.
352 1035 463 1108 Imago
473 1034 631 1093 dumtaxat
645 1032 698 1093 mii
712 1033 755 1094 tui
769 1034 858 1108 periit
872 1042 904 1094 et
917 1035 1065 1109 elflgiesa

56 1133 117 1176 non
143 1116 308 1190 simillima,
335 1117 404 1191 ipse
426 1117 548 1192 quidem
570 1126 757 1178 aeternus
779 1119 1036 1193 meliorisque

56 1216 157 1261 nunc
178 1207 305 1260 status
329 1208 402 1273 est,
424 1200 615 1275 despoliatus
638 1200 783 1260 oneribus
805 1201 911 1265 alienis
932 1207 963 1261 et
977 1203 1035 1263 sibi

55 1283 190 1344 relictus.
217 1284 302 1350 Haec
317 1299 398 1359 quae
414 1284 501 1348 vides
523 1299 596 1343 ossa
617 1283 832 1356 circumvecta]
849 1284 954 1357 nobis,
968 1301 1034 1344 ner·

57 1382 114 1426 vos
132 1374 162 1426 el
177 1366 341 1432 obductam
359 1373 457 1426 cutem
473 1368 653 1439 voltumque
667 1374 697 1425 et
713 1366 866 1426 ministras
884 1383 991 1427 manus
1007 1376 1038 1428 et

56 1457 159 1510 cetera
185 1451 298 1524 quibus
324 1449 450 1510 involuti
472 1465 593 1522 sumus,
620 1450 742 1509 vincula
762 1451 930 1510 animorum
953 1460 1036 1512 tene·

41 1533 192 1607 ¹oraeque
214 1541 308 1593 sunt„
328 1531 466 1594 obruitur
479 1532 534 1592 his
554 1533 686 1607 animus,
714 1533 871 1605 effocetur,
894 1535 1034 1608 inlicitur,

56 1624 178 1676 arcetur
193 1633 211 1676 a
227 1617 308 1676 veris
324 1625 355 1678 et
372 1617 438 1681 suis
459 1617 489 1677 in
507 1618 584 1676 salsa
597 1616 763 1680 coniectus.
795 1635 885 1679 cirine
905 1620 946 1679 illi
967 1635 1036 1680 cum

57 1700 116 1759 hac
138 1715 230 1759 carne
250 1717 343 1775 grave
357 1707 510 1761 certamen
527 1709 587 1775 est,
616 1717 654 1762 nc
679 1703 874 1763 abstrahatur
895 1711 926 1763 et
946 1703 1035 1763 sidat.

56 1783 158 1845 nititur
175 1785 241 1858 illo,
267 1786 350 1847 unde
366 1784 512 1847 dimissus
528 1794 583 1846 est.
617 1786 657 1845 ibi
673 1787 754 1847 illum
772 1793 897 1847 aeterna
911 1787 1036 1862 requies

56 1876 159 1928 manet
172 1884 189 1926 e
204 1868 342 1930 contusis
358 1869 536 1945 crassisque
550 1885 627 1945 pura
642 1876 671 1929 et
687 1869 803 1946 liquida
819 1871 978 1930 visentem.
1070 1883 1074 1890 ·

120 1951 211 2010 XXV.
231 1952 369 2019 Proinde
395 1969 456 2013 uon
482 1961 530 2014 cst
555 1953 638 2029 quod
660 1954 699 2012 ad
722 1955 896 2029 sepulcrum
917 1955 970 2014 filii
992 1955 1061 2015 tull

56 2049 179 2093 curras:
210 2036 345 2108 pessima
365 2037 432 2097 eius
455 2043 485 2097 et
507 2036 567 2112 ipsi
592 2037 808 2098 molestissima
833 2038 900 2098 istic
926 2038 1034 2112 iacent,

56 2133 133 2177 ossa
155 2117 349 2194 cineresque,
380 2136 441 2179 non
466 2121 563 2194 magis
589 2122 669 2180 illius
692 2128 795 2195 partes
818 2138 910 2195 quam
933 2127 1035 2180 vestes

55 2202 179 2274 aliaque
206 2207 379 2275 tegumenta
404 2218 579 2277 corporum.
618 2204 739 2278 Integer
766 2201 816 2262 ille
842 2203 980 2277 nihilque
1005 2204 1034 2262 in

55 2283 144 2345 terris
170 2285 348 2360 relinquens
372 2289 421 2346 sui
439 2287 515 2361 rugit
536 2292 566 2345 et
584 2293 666 2347 lotus
690 2285 825 2346 excessit
849 2288 1035 2362 paulumque

55 2384 151 2442 supra
172 2383 230 2428 nos
253 2376 473 2443 commoratus,
495 2371 567 2429 dum
587 2376 775 2444 expurgatur
796 2377 827 2429 et
847 2368 1035 2430 inhaerentia

54 2452 128 2511 vitia
149 2449 302 2528 situmque
325 2469 445 2513 omnem
468 2453 604 2514 mortalis
625 2454 693 2513 aevi
709 2453 838 2527 excutit,
862 2452 974 2514 deinde
995 2455 1035 2516 ad

55 2535 181 2596 excelsa
195 2537 333 2599 sublatus
349 2537 428 2597 inter
443 2537 548 2598 lelices
564 2539 656 2598 currit
668 2537 785 2596 animas
801 2536 936 2611 [excepit
951 2537 1034 2598 illum

56 2625 163 2680 coctus
180 2627 295 2694 sacerl,
329 2620 492 2696 Scipiones
510 2622 718 2697 Catonesque,
739 2622 880 2697 interque
900 2629 1033 2684 comem-

54 2710 163 2776 ptores
184 2706 265 2764 vitae
291 2713 321 2764 et
345 2705 451 2766 mortis
477 2706 628 2766 beneficio
653 2705 776 2767 liberos.
811 2705 928 2766 Parcus
954 2711 1066 2784 tunsa

53 2786 184 2856 Marcia,
209 2786 269 2846 illic
294 2796 436 2863 nepotem
462 2806 568 2861 suum,
598 2805 784 2864 quamquam
810 2787 870 2848 illic
891 2788 1033 2848 omnibus

54 2882 146 2929 omne
165 2878 326 2942 cognatum
349 2879 411 2946 est,
430 2872 565 2947 adplicat
585 2871 644 2932 sihi
664 2887 745 2931 nova
762 2873 831 2931 luce
850 2871 1034 2943 gaudentem

54 2960 84 3011 et
105 2951 274 3011 vicinorum
296 2953 430 3013 siderum
451 2961 568 3014 meatus
589 2954 693 3023 docet,
720 2968 778 3012 nec
799 2968 838 3011 ex
860 2952 1036 3012 coniectura

54 3036 110 3096 sed
133 3034 268 3100 omnium
294 3051 428 3096 exuero
454 3036 569 3110 peritus
592 3037 621 3094 in
638 3050 760 3094 areana
784 3033 1033 3102 naturaelibens

53 3120 147 3181 ducit.
170 3128 265 3195 utque
281 3120 450 3194 ignotarum
466 3119 585 3179 urbium
601 3125 786 3181 monstrator
800 3117 913 3192 hospiti
930 3124 1033 3193 gratus

53 3210 115 3277 est,
141 3204 183 3264 ita
208 3202 374 3264 sciscitanti
398 3203 576 3266 coelestium
598 3219 710 3264 causas
732 3203 919 3264 domesticus
943 3204 1033 3262 inter-

53 3302 137 3361 pres.
166 3288 250 3349 iuvat
263 3288 343 3348 enim
362 3303 401 3347 cx
416 3290 476 3348 alto
490 3289 595 3348 relicto
615 3287 771 3363 respicere
788 3295 818 3346 et
834 3287 865 3346 in
880 3286 1034 3361 protunda

53 3379 202 3430 terrarum
218 3373 391 3447 permittere
407 3371 513 3432 aciem,
542 3372 593 3436 Sic
610 3373 711 3448 itaque
733 3378 778 3443 te,
800 3370 930 3442 Marcia,
952 3376 1062 3443 gerolt

54 3458 207 3528 tamquam
229 3456 404 3518 subuculis
427 3455 520 3530 patris
551 3455 656 3529 filique
683 3455 799 3530 posita,
825 3469 886 3515 non
914 3453 1059 3520 illorum,
