2378 3856
234 214 337 282 ιιιιιι
351 219 399 278 ι
418 209 638 282 usmarus.
653 220 704 280 ιιι.
717 202 840 285 ιι-ιι.
968 221 1029 286 ιιι

57 371 179 449 quillus,
194 385 286 446 quam
300 372 380 431 altus
393 385 430 430 ac
444 368 530 445 liber,
545 384 615 431 cum
628 377 681 431 aut
694 369 834 432 laudatus
849 378 897 433 est
911 372 1029 434 animus

55 460 109 515 aut
123 454 296 515 admonitus
317 460 348 514 et
362 448 536 529 speculator
556 452 605 514 sui
624 468 798 530 censorque
819 462 957 518 secretus
978 473 1029 518 co·
1100 525 1102 530 ,

55 535 179 613 gnoscit
193 537 232 597 de
246 535 384 601 moribus
400 537 488 599 suist
528 537 604 598 Utor
623 537 681 598 hac
696 544 849 613 potestate
868 546 900 599 et
919 540 1063 600 cotidiet

56 621 139 696 apud
154 635 203 679 me
217 636 344 681 causam
358 620 437 681 dico.
466 636 535 681 cum
550 621 700 681 sublatum
715 637 734 681 c
747 629 916 697 conspectu
928 623 1030 684 lumen

56 711 150 764 estet
165 704 308 765 conticuit
318 720 400 776 vultor
418 703 514 766 moris
534 704 668 766 meiiam
682 707 818 779 conscia
837 712 934 767 totum
947 707 1030 768 diem

56 804 157 849 meum
172 793 293 848 scrutor
306 789 449 865 iactaque
463 804 500 848 ac
515 789 596 848 dicta
608 796 677 849 mea
690 786 843 849 remetior.
869 788 944 849 nihil
959 789 1030 850 milri

56 871 126 947 ipse
146 870 314 945 abscondo,
335 871 409 932 nihil
428 879 564 932 transeo
594 887 690 969 quare
704 872 786 932 enim
807 872 970 947 quicquam
991 883 1031 933 ex

56 953 214 1016 erroribus
228 954 304 1015 mais
320 955 450 1030 timeam,
466 971 533 1015 curn
544 956 660 1030 possim
674 955 793 1017 dicere:
786 954 880 1016 vide
895 971 935 1016 ne
948 957 1030 1018 istud

56 1039 188 1114 amplius
206 1037 318 1110 iacias,
342 1054 423 1099 nunc
443 1036 524 1099 tibi
515 1054 654 1115 ignosco
696 1040 730 1122 ln
751 1039 803 1100 illa
825 1040 1063 1137 disputationet

55 1122 227 1198 pugnacius
242 1123 362 1183 locutus
378 1138 422 1183 es
451 1123 512 1182 noli
534 1130 644 1198 postea
664 1111 810 1197 congredi
832 1139 901 1183 curn
920 1123 1031 1199 inperi-

55 1207 110 1266 tis·
125 1205 376 1279 noluntdiscere,
396 1204 449 1282 qui
465 1221 630 1280 numquam
645 1205 825 1265 didicerunt.
857 1205 943 1266 lllum
956 1207 1026 1266 libe·

55 1289 119 1350 rius
140 1290 325 1350 admonuisti
347 1305 439 1363 quam
457 1288 603 1347 debebas.
643 1289 746 1362 itaque
770 1304 833 1348 non
849 1289 1029 1363 emendasti,

56 1374 115 1434 sed
129 1371 295 1437 offendisti.
324 1373 364 1432 de
384 1379 486 1433 cetero
506 1370 586 1443 vide,
601 1386 662 1430 non
675 1377 790 1431 tantum
804 1387 842 1430 an
863 1387 970 1431 verum
991 1373 1031 1430 sit

57 1456 142 1532 quod
156 1456 243 1529 diciS,
259 1455 315 1515 sed
330 1471 369 1514 an
383 1455 433 1514 ille
447 1454 497 1514 cui
512 1450 620 1513 dicitur
634 1453 698 1512 vari
712 1453 832 1528 patiens
848 1454 895 1515 sit.
924 1454 1029 1515 admo·

56 1541 123 1600 neri
136 1540 236 1601 bonus
243 1538 369 1613 gaudet:
388 1535 543 1612 pessimus
550 1536 682 1613 quisque
688 1541 915 1610 [corJrcctorem
922 1553 1028 1613 asper·

55 1625 132 1683 rime
146 1621 265 1698 patitur.

118 1706 265 1768 XXXVll.
288 1706 321 1764 ln
337 1701 480 1766 convivio
495 1705 698 1780 quorumdam
711 1711 742 1765 te
756 1706 837 1766 salas
853 1712 884 1766 et
897 1705 926 1764 in
943 1704 1030 1764 dolo·
1046 1713 1059 1763 ι

55 1809 120 1851 rem
140 1798 223 1850 tuum
244 1790 323 1850 iacta
345 1788 438 1849 verba
453 1789 629 1863 tetigeruntz
645 1789 741 1848 vitare
760 1791 904 1863 volgares
924 1787 1029 1847 convi-

56 1883 124 1935 ctus
139 1882 301 1934 memento.
330 1870 459 1933 solutior
473 1879 521 1933 est
535 1880 608 1948 post
620 1872 724 1932 vinum
745 1873 873 1946 licentia,
898 1871 970 1947 quia
990 1885 1030 1930 ne

56 1958 168 2018 sobriis
190 1957 312 2031 quidem
322 1956 430 2030 pudor
450 1962 506 2017 est.
540 1956 652 2016 Iratum
673 1951 776 2016 vidisti
796 1956 927 2016 amicum
946 1960 1062 2015 tuumt

56 2039 182 2102 ostiario
193 2040 339 2100 causidici
351 2040 479 2099 alicuius
490 2046 541 2100 aut
556 2038 667 2112 divitis,
684 2039 768 2114 quod
782 2039 940 2100 intrantem
957 2038 1030 2097 sub·

56 2130 203 2195 moverat,
224 2121 337 2198 etipse
352 2138 407 2197 pro
425 2122 476 2183 illo
490 2123 586 2182 iratus
602 2131 736 2183 extremo
757 2122 909 2197 mancipio
931 2120 1028 2180 inistis

56 2205 201 2269 irasceris
217 2221 290 2280 ergo
307 2205 459 2265 catenario
475 2206 564 2265 canit
591 2205 784 2278 atiniacum
798 2207 924 2265 multum
940 2204 1029 2262 latra-

55 2292 152 2364 ιιιο
135 2288 255 2350 obiecto
281 2287 349 2349 cibo
368 2287 563 2349 mansuescit.
605 2288 729 2348 Recede
756 2288 876 2362 longius
903 2293 933 2346 et
954 2285 1062 2348 ridet

56 2389 139 2434 nunc
151 2373 209 2433 rste
215 2374 347 2448 aliquem
361 2378 498 2446 scputat,
511 2371 736 2467 quodcustodit
749 2371 932 2451 litigatorum
942 2369 1031 2428 turba

56 2459 149 2518 limen
165 2457 338 2516 obsessum
367 2469 448 2515 nunc
462 2454 512 2514 ille
533 2453 585 2528 qui
602 2454 679 2514 intra
692 2453 779 2525 iacet,
805 2454 878 2512 lelix
897 2452 1031 2514 fortuna-

57 2549 169 2615 tusque
184 2547 231 2599 est
250 2546 281 2600 et
296 2539 376 2600 beati
391 2537 522 2599 hominis
543 2537 656 2598 iudicat
675 2553 711 2598 ac
732 2536 865 2611 potentis
886 2535 1031 2597 indicium

58 2622 235 2684 difficilem
228 2639 358 2684 canuam
385 2622 483 2683 nescit
498 2621 693 2682 durissimum
714 2636 787 2681 essc
801 2621 912 2682 ostium
927 2633 1031 2681 carce·

57 2707 111 2766 ris.
152 2705 317 2766 Praesume
330 2707 431 2767 animo
441 2707 534 2766 multa
549 2706 601 2765 tibi
617 2721 688 2766 esse
702 2704 856 2781 patienda.
885 2703 1030 2777 numquis

59 2805 95 2849 sc
109 2789 208 2848 hieme
229 2792 331 2872 algere
348 2790 493 2850 miraturt
520 2789 663 2865 numquis
682 2788 713 2847 ιιι
733 2789 809 2848 mari
826 2787 978 2858 nausiam,
999 2786 1030 2844 in

57 2873 111 2932 via
125 2872 266 2931 concutit
286 2874 372 2932 fortis
388 2879 435 2932 est
448 2872 566 2930 animus
579 2873 710 2966 adquae
726 2878 925 2965 praeparatus
939 2865 1032 2926 venit
1047 2869 1074 2921 t,

57 2956 160 3015 ltlinus
175 2953 324 3014 honorato
345 2957 415 3014 loco
431 2954 550 3027 positus
571 2952 661 3012 irasci
684 2952 815 3026 coepisti
835 2949 1033 3023 convivaturi,

60 3037 207 3108 vocaturi,
228 3037 288 3111 ipsi
304 3035 423 3111 quntibi
437 3035 680 3109 praeferebatur.
700 3035 837 3106 demens,
854 3034 927 3109 quid
943 3033 1033 3093 inter

60 3128 122 3195 est,
145 3136 237 3197 quam
252 3119 322 3181 lecti
342 3135 463 3194 premas
477 3124 617 3193 partem?
640 3117 846 3179 honestiorem
864 3124 893 3177 te
907 3125 959 3178 aut
972 3122 1033 3176 tur·

61 3205 179 3280 piorem
201 3210 303 3279 potest
322 3204 424 3263 lacere
444 3202 611 3278 pulvinusc
653 3202 719 3262 Non
740 3202 849 3277 aequis
870 3201 1064 3277 quemdam·5

62 3287 160 3347 oculis
176 3287 288 3361 vidisti,
309 3287 381 3362 quia
395 3287 434 3346 de
448 3286 570 3360 ingenio
585 3293 636 3347 tuo
653 3285 731 3346 male
752 3287 874 3346 locutus
895 3291 956 3345 est:
979 3297 1032 3339 re-

61 3370 139 3445 cipis
159 3371 239 3431 hanc
260 3371 380 3446 legem?
406 3385 481 3445 ergo
500 3376 531 3428 te
549 3369 674 3441 Ennius,
698 3384 760 3443 quo
781 3383 844 3427 non
862 3362 1032 3435 delectaris,

61 3452 189 3529 odisset,
204 3461 234 3515 et
247 3454 427 3515 Hortensius
444 3452 611 3512 simultates
628 3451 681 3513 tibi
695 3451 857 3524 indiceret
872 3455 903 3508 ct
916 3448 1032 3519 Cicero,

646 3696 653 3728 ι
