2378 3856
84 215 365 280 CONTUMELIAM
379 218 568 280 accipiter:
584 218 811 279 SAPIENTEM.
827 220 963 279 Ill-V.
1005 220 1047 282 21

10 373 14 416 l
64 374 189 433 auribus
210 380 240 432 ct
261 372 421 446 digitorum
443 377 544 440 motus
565 378 595 431 et
615 372 674 431 alia
692 387 771 445 quae
791 370 898 447 inpetu
913 374 1047 447 quodam
1079 417 1081 421 ,

10 456 16 517 l
63 456 177 518 erroris
191 455 343 530 inprovidi
358 456 520 530 refugiunt.
542 454 655 515 Iniuria
666 454 860 530 propositum
874 456 934 517 hoc
946 456 1077 529 habeta

10 541 15 588 t
66 541 196 616 aliquem
214 540 294 599 malo
313 539 455 598 adficere.
484 541 564 600 malo
586 544 686 599 autem
708 540 859 613 sapientia
880 556 942 599 non
957 538 1063 601 celin-⁴

10 610 16 699 ἒ
64 625 130 699 quit
151 626 261 684 locum.
295 639 388 683 unum
411 624 491 682 enirn
510 623 552 683 illi
573 623 685 682 malum
707 630 755 683 cst
773 624 946 698 turpitudo,
967 640 1047 699 quae

61 709 173 769 intrare
193 723 232 768 eo
253 707 305 766 ubi
327 708 387 766 iam
406 707 504 767 virtus
526 706 752 782 honestumque
774 714 836 782 est,
857 723 919 766 non
936 715 1046 783 potest.

10 791 16 834 l
63 807 136 867 ergo
152 790 180 852 si
193 791 304 852 iniuria
319 790 387 850 sine
401 793 481 850 malo
497 792 581 850 nulla
596 797 658 865 est,
673 791 786 850 malum
800 792 860 852 uisi
876 800 965 867 turpe
979 794 1048 854 nul-

10 877 17 925 t
62 879 124 936 lum
144 883 206 948 est,
230 884 319 949 turpe
340 880 440 934 auteur
461 876 501 934 ad
520 874 659 936 honestis
680 882 865 949 occupatum
885 877 1047 949 pervenire

10 961 19 1032 l
62 977 124 1020 non
146 966 261 1034 potest:
282 958 392 1018 iniuria
410 959 449 1017 ad
471 960 641 1034 sapientem
661 973 724 1019 non
747 960 895 1033 pervenit
927 975 997 1019 uam
1019 958 1047 1018 si

10 1043 18 1086 ¹³
61 1043 171 1103 iniuria
190 1043 318 1103 alicuius
339 1042 409 1101 mall
431 1043 576 1116 patientia
590 1049 652 1114 est,
674 1042 801 1117 sapiens
816 1056 918 1103 autem
933 1043 1046 1103 nullius

10 1128 14 1168 l
61 1128 131 1186 mali
143 1134 190 1187 est
201 1127 330 1202 patiens,
342 1127 424 1185 nulla
434 1127 473 1186 ad
486 1127 655 1202 sapientem
667 1126 776 1185 iniuria
787 1128 926 1202 pertinet.
942 1125 1047 1187 Omnis
1059 1133 1077 1186 l

10 1212 15 1250 l
62 1209 172 1270 iniuria
192 1211 348 1270 diminutio
372 1210 438 1269 elus
458 1218 507 1271 est
533 1211 563 1268 in
586 1225 678 1284 quem
700 1210 840 1282 incurrit,
866 1225 925 1269 nec
945 1216 1048 1284 potest

10 1296 17 1335 l
64 1293 226 1368 quisquam
253 1293 393 1353 iniuriam
421 1295 563 1367 accipere
583 1293 651 1352 sine
671 1293 774 1366 aliquo
797 1293 976 1353 detrimento
999 1295 1047 1353 vel

10 1383 16 1457 ss
62 1377 216 1452 dignitatis
228 1379 277 1436 vel
292 1377 433 1452 corporis
447 1378 494 1434 vel
507 1392 609 1436 rerum
624 1382 710 1435 extra
725 1392 783 1436 nos
798 1376 977 1450 positarum.
998 1393 1047 1436 sa-

63 1461 151 1535 piens
168 1467 268 1521 autem
289 1459 362 1518 nihil
384 1460 514 1534 perdere
532 1465 643 1534 potest.
674 1461 776 1520 omnia
796 1461 826 1518 in
848 1475 882 1519 se
896 1460 1045 1534 reposuit,

10 1564 15 1627 g
61 1544 135 1604 nihil
151 1545 292 1604 fortunae
305 1544 415 1616 credit,
430 1544 513 1603 bona
528 1543 630 1603 suain
646 1542 746 1603 solido
761 1543 868 1618 habet,
886 1550 1046 1604 contentus

63 1629 187 1701 virtute,
205 1642 284 1702 quae
301 1628 430 1688 fortuitis
442 1644 503 1688 non
519 1628 635 1701 indiget
648 1627 782 1703 ideoque
797 1644 856 1687 nec
869 1628 975 1702 augeri
991 1642 1048 1686 nec

10 1740 14 1746 ·
60 1712 153 1772 minui
170 1718 280 1787 potest.
302 1728 372 1771 nam
387 1717 417 1772 et
430 1711 459 1770 in
476 1727 627 1771 summum
640 1712 786 1784 perducta
797 1712 975 1771 inerementi
987 1727 1048 1771 nou

62 1796 155 1855 habet
175 1798 276 1855 locum
293 1803 323 1856 ct
337 1795 410 1855 nihil
426 1796 515 1870 eripit
530 1797 667 1868 fortuna,
687 1796 746 1855 nisi
767 1796 851 1869 quod
866 1795 959 1856 dedit.
989 1794 1047 1853 vir—

62 1887 156 1937 tutem
170 1887 270 1939 autem
285 1897 346 1941 non
363 1881 428 1952 dat,
443 1878 514 1940 idco
527 1894 584 1938 nec
599 1879 738 1939 detrahit.
761 1879 857 1939 libera
871 1884 933 1952 est,
949 1875 1047 1938 invio·
1151 1918 1154 1921 -

64 1961 177 2033 labilis,
193 1963 320 2035 inmota,
337 1965 531 2023 inconcussa.
562 1964 606 2023 sic
628 1970 734 2023 contra
749 1979 841 2024 casus
857 1962 994 2034 indurat,
1014 1971 1048 2022 ut

10 2123 12 2127 .
63 2060 101 2102 ne
115 2045 252 2107 inclinari
268 2048 406 2142 quidem,
422 2048 535 2106 nedum
550 2047 630 2106 vinci
646 2047 754 2122 possit.
777 2048 940 2107 Adversus
954 2047 1077 2121 adpa-5

10 2147 14 2199 3
62 2136 148 2188 ratus
162 2131 339 2189 terribilium
353 2137 455 2190 rectos
471 2133 578 2189 oculos
593 2136 688 2203 tenet,
706 2131 779 2190 nihil
794 2146 833 2189 ex
848 2132 930 2191 voltu
942 2136 1046 2200 mutat,

10 2202 12 2217 ¹
62 2210 131 2270 sive
152 2210 195 2268 illi
210 2213 287 2271 dura
302 2213 367 2271 sive
382 2214 520 2273 secunda
542 2221 740 2273 ostentantur.
769 2215 873 2288 itaque
889 2211 962 2272 nihil
977 2228 1046 2287 per·

10 2292 13 2340 t
61 2295 114 2354 det
136 2295 221 2368 quod
235 2295 336 2369 perire
350 2311 499 2356 sensurus
512 2297 560 2355 sit.
589 2297 680 2356 unius
696 2296 776 2358 enim
797 2297 827 2354 iu
844 2296 1047 2370 possessione

11 2423 13 2427 Α
62 2378 182 2438 virtutis
198 2386 259 2451 est,
276 2394 315 2437 ex
331 2394 392 2453 qua
406 2379 519 2452 depelli
533 2394 699 2453 numquam
716 2387 824 2454 potest.
852 2379 960 2439 ceteris
978 2394 1046 2453 pre-

10 2479 14 2504 >
61 2462 145 2521 cario
167 2463 272 2522 utitur:
294 2461 363 2536 quis
387 2467 486 2521 autem
508 2463 624 2537 iactura
643 2471 782 2524 movetur
796 2463 907 2523 alieni?
933 2461 1047 2537 quodsi

61 2544 171 2605 iniuria
190 2546 264 2607 nihil
286 2546 409 2605 laedere
430 2552 533 2620 potest
547 2561 586 2604 ex
601 2545 648 2605 his
665 2563 743 2622 quae
758 2547 883 2622 propria
898 2545 1046 2622 sapientis

62 2637 148 2702 sunt,
176 2631 249 2705 quia
271 2631 379 2690 virtute
399 2645 456 2690 sua
476 2631 564 2689 salva
583 2638 669 2703 sunt,
696 2630 805 2692 iniuria
827 2631 958 2707 sapienti
984 2648 1046 2690 non

10 2761 13 2774 ,
62 2721 165 2788 potest
178 2714 253 2774 lieri.
280 2713 436 2788 Megaram
450 2714 622 2773 Demetrius
644 2723 784 2789 ceperat,
806 2716 854 2775 cui
876 2714 1076 2789 cognomcno

10 2800 19 2844 t·
60 2796 246 2857 Poliorcetes
262 2799 325 2858 luit.
348 2797 387 2857 ab
402 2797 462 2856 hoc
478 2797 596 2858 Stilbon
611 2798 816 2874 philosophus
832 2800 1045 2872 iuterrogatus,

10 2876 13 2945 ζ
61 2895 133 2940 num
148 2880 262 2956 aliquid
278 2881 479 2956 perdidisset:
500 2883 592 2953 nihil,
607 2882 714 2956 inquit.
741 2886 840 2942 omnia
855 2898 921 2942 mea
934 2897 1047 2940 mecum

10 2963 13 3010 ἓ
59 2971 136 3024 suot.
168 2964 301 3039 atquiet
323 2965 537 3040 patrimonium
558 2965 624 3023 eius
646 2966 677 3024 in
699 2966 844 3039 praedam
867 2970 1005 3023 cesserat
1018 2972 1047 3023 et

10 3081 14 3088 ⁴>
60 3048 140 3107 filias
154 3056 298 3123 rapuerat
312 3047 410 3108 lrostis
426 3054 457 3107 et
472 3046 570 3123 patria
583 3047 614 3105 in
630 3048 759 3108 alienam
777 3048 921 3109 ditionem
937 3062 1045 3123 pervc-

60 3140 147 3192 nerat
161 3138 192 3191 et
213 3132 315 3206 ipsum
336 3148 392 3191 rex
413 3132 617 3191 circumfusus
633 3132 757 3192 victoris
779 3131 933 3218 exercitus
954 3131 1046 3191 armis

60 3232 99 3276 ex
115 3216 278 3290 superiore
292 3217 361 3276 loco
376 3217 536 3290 rogitabat.
558 3218 600 3275 At
613 3216 664 3274 illc
680 3216 837 3276 victoriam
852 3216 894 3275 illi
909 3215 1073 3276 excussit?

10 3325 14 3333 ³
60 3307 139 3360 etse
154 3299 231 3359 urbe
245 3307 335 3374 capta
346 3316 407 3359 non
422 3300 566 3360 invictum
580 3306 703 3371 tantum,
720 3301 776 3359 sed
789 3301 962 3360 indemnem
974 3313 1046 3356 csse

60 3389 191 3445 testatus
208 3389 264 3445 est.
287 3383 419 3443 habebat
434 3383 601 3443 enimvero
616 3399 721 3443 secum
736 3384 827 3456 bona,
843 3385 873 3441 in
890 3395 970 3456 quae
985 3394 1045 3438 non

55 3471 117 3549 osta
138 3479 233 3565 ,nnus
253 3468 272 3526 it
316 3467 385 3527 ctio.
414 3473 445 3526 at
466 3482 544 3541 quac
561 3465 712 3540 dissipata
727 3473 757 3526 et
773 3467 892 3539 direpta
907 3462 1044 3522 lerebau-
