2378 3856
100 192 381 256 couruuuuran
396 160 1011 258 accrranusarruuruu.xu-x1v.
1024 196 1067 259 ac

86 350 206 410 talusve
232 345 327 407 Asiae
361 348 541 407 salutantem
572 346 692 406 silentio
724 362 760 405 ac
791 349 876 407 voltu
906 348 1067 424 adroganti

86 432 249 493 transierit.
284 429 343 491 scit
363 438 473 491 statum
493 431 559 490 eius
580 447 641 490 non
663 429 760 504 magis
775 429 889 490 habere
905 431 1069 508 quicquam

86 515 285 575 invidendum
306 530 396 589 quam
412 513 494 587 eius,
516 511 564 573 cui
579 513 609 573 in
624 528 735 587 magna
748 514 861 574 familia
876 530 949 574 cura
963 514 1070 590 obtigit

85 615 200 674 aegros
214 599 405 672 insanosque
425 612 625 672 conpescere.
659 597 737 657 Num
758 597 887 657 moleste
908 599 1018 672 leram,
1043 599 1096 679 Sil

86 682 160 743 mibi
174 698 235 742 non
251 681 418 742 reddiderit
431 696 542 742 nomen
557 679 668 754 aliquis
683 696 722 740 ex
736 679 794 751 his,
812 682 864 755 qui
880 682 919 741 ad
935 679 1069 742 Castoris

86 763 282 840 negotiantur
294 780 426 840 nequam
438 762 592 840 mancipia
602 765 985 840 ementesvendentesque,
994 782 1069 841 quo-

86 866 154 910 rum
170 850 315 909 tabernae
330 849 536 924 pessimorum
550 864 709 912 servorum
731 848 820 908 turba
834 849 964 909 refertae
979 855 1071 909 sunt?

87 950 166 1005 non,
192 939 224 992 ut
238 939 323 1006 puto.
359 933 434 1007 quid
454 931 532 992 enim
549 932 576 992 is
598 931 670 991 boni
690 931 799 1004 habet,
826 933 884 992 sub
902 949 963 1007 quo
980 949 1069 996 nemo

88 1014 149 1077 nisi
163 1017 260 1076 malus
277 1023 346 1076 estt
382 1016 463 1091 Ergo
478 1023 511 1077 ut
530 1015 620 1075 buius
639 1015 854 1076 humanitatem
870 1016 1065 1080 inhumanita-

88 1108 213 1175 temque
229 1098 369 1174 neglegit,
384 1100 425 1160 ita
438 1107 470 1160 et
483 1099 580 1174 regis:
596 1099 692 1159 habes
707 1100 765 1160 sub
782 1106 811 1159 te
825 1098 952 1160 Parthos
967 1100 1070 1160 etble·

89 1185 148 1248 dos
163 1191 193 1244 et
205 1183 400 1256 Bactrianos,
422 1184 478 1243 sed
501 1199 580 1257 quos
601 1190 683 1243 metu
698 1183 852 1256 contines,
875 1184 932 1243 sed
947 1190 1072 1259 propter

90 1283 171 1342 quos
187 1267 340 1326 remittere
360 1282 466 1326 arcuna
486 1266 539 1326 tibi
562 1282 623 1326 non
646 1264 784 1339 contigit,
811 1266 867 1324 scd
887 1274 1071 1341 postremos,

90 1351 147 1411 sed
163 1353 303 1423 venales,
322 1350 378 1409 sed
398 1365 512 1410 novum
535 1355 723 1423 aucupantes
745 1347 921 1409 dominium.
954 1350 1100 1423 Nullius5

89 1450 163 1508 ergo
185 1431 356 1494 movebitur
373 1433 562 1492 contumelia.
600 1447 707 1492 omnes
733 1433 812 1491 enirn
832 1432 910 1493 iuter
930 1448 965 1493 se
984 1431 1072 1493 diffe-

89 1524 174 1590 runt,
202 1516 327 1591 sapiens
349 1515 472 1589 quidem
491 1530 583 1590 pares
604 1513 674 1575 illos
689 1515 729 1574 ob
743 1518 902 1590 aequalem
918 1517 1072 1577 stultitiam

91 1600 192 1661 omnis
208 1605 302 1674 putat.
330 1615 400 1658 narn
416 1597 443 1658 si
457 1599 551 1658 semel
567 1615 602 1658 se
617 1598 775 1658 demiserit
789 1614 836 1674 ec,
851 1607 885 1660 ut
898 1608 950 1661 aut
963 1599 1072 1660 iniuria

90 1690 250 1744 moveatur
265 1689 317 1742 aut
331 1682 528 1756 contumelia,
549 1699 608 1742 non
624 1681 763 1757 potuerit
776 1699 920 1758 umquam
935 1699 1007 1743 esse
1022 1700 1071 1743 se·

91 1783 193 1828 curus.
230 1765 379 1827 securitas
401 1774 501 1827 autem
524 1766 679 1841 proprium
703 1766 817 1826 bonurn
842 1765 990 1842 sapientis
1016 1774 1072 1838 est,

91 1866 148 1910 nec
163 1851 336 1924 committet,
362 1856 396 1909 ut
409 1850 574 1910 iudicando
589 1850 803 1911 contumeliam
820 1848 877 1909 sibi
894 1851 1004 1910 iactam
1018 1849 1073 1909 ho-

95 1947 199 1993 norem
212 1934 323 1994 habeat
337 1934 364 1993 ci
380 1932 433 2009 qui
447 1933 527 1993 lecit.
563 1948 693 1994 necesse
714 1941 761 1992 est
782 1933 861 1992 enim
877 1950 895 1992 a
911 1949 972 2009 quo
989 1933 1072 2008 quis-

95 2031 155 2090 que
170 2017 322 2078 contemni
336 2019 464 2077 moleste
478 2017 564 2091 ferat,
579 2017 698 2093 suspici
712 2017 854 2092 gaudeat.

151 2099 230 2158 XIV.
261 2101 357 2159 Tanta
372 2101 525 2175 quosdam
540 2100 692 2161 dementia
706 2107 803 2174 tenet,
829 2107 861 2159 ut
886 2099 946 2160 sibi
967 2106 1098 2166 contu-1

92 2183 214 2241 naellam
237 2183 304 2241 lieri
327 2190 433 2257 putent
449 2200 546 2258 posse
560 2200 579 2243 a
593 2184 728 2247 muliere.
766 2182 840 2256 quid
865 2184 959 2243 relert
983 2199 1074 2256 quarn

91 2265 235 2338 habeant,
251 2271 326 2338 quot
339 2266 509 2327 lecticarios
524 2266 695 2336 habentem,
713 2281 804 2339 quam
816 2273 957 2325 oneratas
973 2281 1073 2335 aures,

94 2364 186 2423 quant
201 2349 301 2408 laxam
319 2350 446 2408 sellam?
472 2365 571 2423 aeque
586 2348 754 2423 inprudens
770 2348 880 2407 animal
895 2356 999 2422 estet,
1015 2347 1075 2409 nisi

93 2431 221 2494 scientia
234 2432 367 2492 accessit
381 2448 418 2491 ac
432 2433 526 2492 multa
540 2431 679 2505 eruditio,
696 2432 801 2505 lerum,
818 2431 1017 2506 cupiditatum
1030 2432 1075 2491 in·

92 2516 263 2576 continens.
290 2516 420 2589 Quidam
435 2531 470 2575 se
483 2532 501 2575 a
516 2514 664 2574 cinerario
680 2516 820 2589 inpulsos
835 2515 963 2577 moleste
976 2517 1077 2580 lerunt

94 2607 124 2660 et
139 2601 352 2661 contumeliam
366 2608 479 2659 vocant
494 2598 609 2659 ostiarii
623 2599 847 2671 difficultatem,
869 2601 1075 2661 nomenclato-

92 2684 136 2743 ris
152 2684 342 2758 superbiam,
359 2682 535 2744 cubicularii
557 2683 763 2757 supercilium.
806 2699 824 2744 o
846 2691 977 2757 quantus
999 2685 1076 2744 inter

92 2767 153 2826 ista
167 2767 248 2827 risus
264 2768 418 2827 tollendus
431 2774 493 2841 est,
517 2775 629 2843 quanta
649 2769 807 2841 voluptate
829 2768 991 2841 inplendus
1013 2768 1075 2827 ani-

93 2865 163 2910 mus
179 2866 217 2909 ex
233 2851 400 2911 alienorum
416 2867 553 2911 errorum
568 2851 697 2912 tumultu
712 2851 929 2924 contemplanti
944 2850 1075 2924 quietem

93 2941 196 2994 suana!
242 2933 319 3007 Quid
341 2940 436 3008 ergo?
463 2935 589 3008 sapiens
610 2949 672 2992 non
687 2933 815 2992 accedet
829 2934 870 2992 ad
885 2934 983 3006 fores,
998 2941 1104 3007 quasa

93 3018 190 3078 durus
206 3017 315 3078 ianitor
330 3017 471 3077 obsidet?
502 3018 553 3076 ille
568 3032 658 3088 uero,
679 3015 706 3075 si
726 3032 778 3076 res
792 3015 970 3076 necessaria
983 3031 1075 3076 voca-

92 3102 146 3176 bit,
174 3101 348 3176 experietur
377 3108 406 3160 et
434 3100 517 3160 illum
543 3099 686 3176 quisquis
710 3100 765 3159 erit
788 3106 942 3174 tamquam
971 3115 1075 3160 canent

69 3231 72 3235 .
94 3200 197 3250 acrem
214 3184 333 3245 obiecto
349 3185 418 3244 cibo
435 3185 526 3245 leniet
539 3200 597 3244 nec
611 3182 817 3258 indignabitur
831 3183 946 3260 aliquid
969 3184 1075 3258 inpen—
1166 3192 1172 3202 '

94 3269 184 3343 dere,
213 3274 246 3327 ut
267 3268 356 3328 limen
373 3274 523 3344 transeat,
545 3269 683 3342 cogitans
699 3267 773 3327 etin
788 3268 933 3342 pontibus
950 3267 1076 3343 quibus-a

94 3351 165 3410 darn
183 3367 239 3426 pro
259 3353 387 3412 transitu
403 3351 478 3411 dari.
514 3353 618 3426 itaque
640 3351 681 3410 illi
698 3366 838 3425 quoque,
855 3350 995 3426 quisquis
1011 3348 1075 3418 erit,

95 3435 149 3509 qui
168 3434 229 3498 hoc
249 3435 465 3496 salutationum
489 3435 642 3510 publicum
669 3441 826 3507 exerceat,
849 3432 983 3493 donabit.
1020 3431 1078 3491 scit
