2378 3856
286 108 337 169 DE
358 106 578 168 CLEMENTIA
601 107 708 167 tter.
731 116 861 171 la-rl.
997 109 1060 173 289

85 261 290 325 miserabilem
306 258 405 334 illum,
427 258 484 319 sibi
500 265 599 319 certet
629 274 698 317 nam
714 259 823 319 ceteris
838 258 976 320 misereri
990 261 1059 322 eius

86 347 174 407 nelas
197 345 251 418 sil,
272 343 324 418 qui
341 340 489 402 caedibus
515 356 551 402 ac
576 341 691 418 rapinis
718 343 883 418 potentiam
909 345 1058 420 >exercuit

87 430 140 506 qui
159 433 306 503 suspecta
320 425 378 487 sibi
395 433 504 486 cuncta
519 425 652 486 reddidit
671 434 730 486 tam
750 433 876 486 externa
896 442 988 502 quam
1001 427 1056 488 do·

87 511 228 584 mastica,
244 527 313 571 cum
328 527 412 570 arma
426 515 539 570 metuat
555 509 594 568 ad
607 525 690 568 arma
702 509 896 584 confugiens,
912 526 972 571 non
985 512 1058 571 ami-

86 611 192 656 corum
208 594 280 654 lidei
295 594 442 667 credens,
466 609 526 653 non
542 593 704 653 liberorum
721 593 833 667 pietati.
868 595 920 667 qui
934 595 985 655 ubi
1002 595 1057 656 cir·

86 678 260 758 cunnspexit
270 691 412 753 quaeque
422 677 492 736 lecit
500 691 641 751 quaeque
652 678 849 746 iacturusesl,
862 681 1059 739 etconscien·

87 765 159 823 tiam
186 776 272 828 suam
302 762 421 836 plenam
447 759 615 819 sceleribus
645 774 681 820 ac
705 760 862 821 tormentis
890 762 1057 837 adaperuit,

86 863 184 921 saepe
209 851 335 906 intortam
360 844 455 917 timot,
480 843 606 918 saepius
631 851 717 919 optat
735 844 862 905 invisior
882 845 941 905 sibi
967 862 1058 921 quam

87 929 303 990 servientibus.
340 927 364 987 Ε
386 927 537 987 contrario
562 930 604 1001 is,
626 928 674 988 cui
695 943 787 989 curae
812 936 883 989 sunt
906 929 1087 1004 universae

63 1081 69 1087 ,
87 1014 140 1088 qui
156 1013 214 1072 alia
230 1015 342 1087 maga,
358 1011 417 1070 alia
431 1009 529 1075 minus
546 1018 659 1085 tuetur,
674 1013 785 1071 nullam
800 1028 861 1072 rron
873 1013 1058 1087 reipublicae

90 1104 206 1172 [nartem
221 1103 374 1170 tamquam
390 1095 438 1154 sui
453 1094 553 1167 nutrit,
569 1094 729 1154 inclinatus
745 1095 783 1154 ad
798 1095 925 1167 mitiora,
942 1097 1058 1156 etiamsi

87 1197 128 1238 ox
141 1196 199 1239 usu
213 1187 261 1240 est
274 1178 529 1249 animadvertere,
549 1179 714 1238 ostendens
731 1194 822 1252 quam
837 1177 949 1239 invitus
968 1196 1057 1254 aspe-

88 1280 123 1324 ro
145 1261 284 1323 ronredio‘
300 1277 409 1322 manus
431 1262 609 1335 admoveat,
639 1260 668 1320 in
688 1261 775 1322 cuius
795 1263 895 1323 animo
912 1261 983 1322 nihil
1002 1263 1057 1325 bo·

87 1347 173 1418 stile,
201 1346 273 1406 nihil
288 1345 415 1406 efferum
431 1351 492 1418 est,
513 1345 575 1418 qui·
589 1345 753 1421 potentiam
780 1361 867 1406 suam
888 1346 1006 1421 placide
1021 1363 1058 1408 ac

89 1429 261 1490 salutariter
281 1437 417 1502 exercet,
440 1428 613 1504 adprobare
633 1428 760 1504 imperia
781 1445 838 1490 sua
863 1430 982 1490 civibus
1005 1447 1056 1491 ou-

90 1515 192 1589 piens,
215 1513 287 1573 lelix
303 1514 423 1574 abunde
443 1513 500 1573 sibi
517 1511 618 1585 visuS,
640 1512 667 1573 si
688 1513 837 1573 fortunam
853 1529 938 1574 suam
960 1515 1059 1589 publi·

90 1597 219 1670 caverit,
237 1612 378 1656 sermone
394 1595 533 1656 adfabilis
550 1611 741 1671 accessuque
755 1596 865 1671 lacilis,
885 1598 985 1670 voltu,
1007 1599 1058 1674 qui

91 1681 222 1741 maxime
238 1683 371 1755 populos
387 1682 571 1753 demeretur,
596 1680 748 1753 amabilis,
772 1682 879 1755 aequis
897 1679 1058 1742 desideriis

91 1778 283 1840 propensus,
307 1765 396 1824 etiam
417 1764 528 1839 iniquis
544 1762 624 1840 [non]
646 1764 792 1838 acerbus,
817 1780 835 1823 a
856 1753 1059 1827 tola'civitate
1161 1802 1165 1809 ·

91 1855 222 1917 amatur,
244 1847 429 1919 delendum,
453 1848 568 1908 colitur.
601 1848 713 1908 Eadem
730 1848 769 1908 de
783 1847 834 1908 illo
849 1848 988 1910 homines
1012 1861 1087 1912 sea

40 1952 43 1959 ·
91 1939 174 1992 creto
190 1932 356 2006 loquuntur
373 1947 452 2006 quae
467 1933 575 2006 palam.
597 1932 704 1992 tollere
719 1932 799 1992 lilios
818 1934 943 2006 cupiunt
960 1941 990 1993 et
1003 1950 1059 2007 pu·

40 2014 51 2055 ²
90 2015 178 2076 blicis
197 2014 442 2075 nralis'sterilitas
461 2014 574 2074 indicta
588 2016 761 2075 recluditur.
797 2016 874 2074 bene
889 2032 924 2076 se
939 2018 1059 2076 meritu-

90 2115 157 2159 rum
174 2096 330 2157 delibaris
346 2100 410 2158 suis
424 2098 558 2172 ¹quisque
578 2114 639 2158 non
656 2097 786 2169 dubitat,
811 2098 922 2173 quibus
937 2101 996 2161 tale
1012 2116 1059 2161 se·

40 2181 51 2226 ³
93 2183 194 2243 ouium
210 2180 386 2243 ostenderit.
421 2181 477 2240 Hic
493 2182 635 2256 princeps
652 2198 709 2242 suo
724 2181 874 2243 beneficio
889 2189 972 2244 tutus
988 2183 1061 2243 nihil

40 2264 50 2308 l
92 2263 256 2342 praesidiis
276 2272 358 2339 eget,
379 2281 463 2325 arma
478 2263 645 2325 ornamenti
661 2281 754 2325 causa
769 2265 868 2325 habet.

40 2344 47 2425 ἕ
152 2348 232 2408 xlv.
252 2348 340 2421 Quod
361 2365 434 2423 crgo
456 2349 588 2409 ollicium
615 2349 681 2409 eius
707 2355 776 2408 esta
803 2351 886 2423 quod
911 2350 1091 2416 bonorumr

40 2431 45 2503 'f
92 2438 268 2507 parentum,
291 2433 343 2505 qui
369 2433 531 2507 obiurgare
551 2432 663 2493 liberos
685 2449 912 2507 nonnumquam
940 2433 1060 2507 blande,

40 2511 43 2595 f
91 2530 320 2591 nonnumquam
333 2513 488 2576 minaciter
500 2518 606 2587 solent,
620 2516 784 2591 aliquando
797 2518 962 2578 admonere
974 2517 1062 2577 etiam

40 2600 41 2608 ’
91 2598 283 2659 verberibus,
313 2598 467 2674 Numquid
482 2599 592 2675 aliquis
609 2617 703 2660 sanus
720 2600 813 2661 lilium
824 2618 843 2661 a
856 2601 953 2676 prima
967 2600 1062 2661 olien-¹

95 2697 132 2742 sa
148 2681 334 2743 exlieredatr
354 2682 412 2741 nisi
427 2698 556 2755 magnae
570 2689 600 2741 el
615 2685 726 2744 multae
744 2684 872 2744 iniuriae
887 2683 1062 2759 patientiam

93 2762 255 2837 evicerint,
279 2766 336 2826 nisi
352 2767 421 2840 plus
441 2765 586 2838 estquod
609 2768 692 2825 timet
712 2783 802 2840 quam
826 2767 908 2840 quod
931 2766 1061 2838 damnat,

93 2864 155 2908 non
171 2849 289 2909 accedit
303 2850 342 2910 ad
363 2846 563 2908 decretorium
585 2848 695 2907 stilum.
733 2851 825 2908 multa
845 2857 914 2909 ante
927 2857 1061 2924 temptat,

94 2931 207 3007 quibus
223 2932 345 2992 dubiam
360 2933 491 2992 indolem
508 2937 537 2991 et
551 2931 655 3005 peiore
670 2932 738 2992 loco
754 2932 812 2991 iam
829 2933 959 3006 positam
973 2949 1061 2993 revo-

40 3010 44 3052 ῑ
93 3021 154 3074 cet:
175 3015 265 3075 simul
286 3017 475 3091 deploratum
499 3021 560 3087 cst,
579 3015 682 3075 ultima
706 3014 869 3090 experitur.
907 3031 997 3077 nemo
1022 3017 1062 3077 ad

40 3096 47 3136 f
94 3096 247 3174 supplicia
260 3100 410 3174 exigenda
422 3098 566 3174 pervenit,
583 3097 641 3159 nisi
655 3099 706 3174 qui
716 3099 850 3159 remedia
862 3100 1063 3175 consumpsit

40 3179 52 3260 ξ
93 3182 160 3241 Hoc
182 3181 265 3256 quod
288 3183 421 3256 parenti,
444 3184 532 3244 etiam
555 3181 683 3259 principi
706 3183 875 3244 laciendum
890 3190 950 3256 est,
974 3191 1092 3257 quonia

40 3268 55 3310 l
94 3265 315 3340 adpellavimus
327 3264 445 3326 Patrem
456 3266 572 3326 Patriae
583 3283 643 3329 non
657 3265 830 3328 adulatione
842 3282 920 3328 vana
931 3264 1063 3328 adducti.

52 3348 59 3387 l
94 3353 195 3407 cetera
211 3348 292 3408 enim
310 3351 491 3423 cognomina
504 3349 614 3411 honori
630 3351 700 3412 data
715 3356 800 3412 sunt=
820 3349 951 3426 Magnos
965 3357 996 3411 et
1006 3344 1063 3412 r'e—

135 3451 237 3490 sunnon
251 3452 319 3490 nuru.
335 3438 355 3491 1.
866 3440 901 3499 1⁹
