2378 3856
117 191 160 257 90
401 193 435 253 L.
457 192 604 254 ANNAEI
629 191 805 253 sabuceti

117 365 184 409 sam
199 346 354 409 detinebat
373 353 404 406 et
424 345 524 405 stabat
538 359 725 419 percussuro
741 343 859 404 similis.
888 344 1095 425 interrogatas

117 431 228 493 deinde
256 431 295 490 ab
313 429 429 503 amico,
459 427 513 504 qui
536 429 614 489 forte
635 428 853 502 intervenerat,
876 427 955 504 quid
973 438 1094 507 agerem

84 516 244 590 s„cxigo,
260 513 373 588 inquit,
387 528 506 589 poenas
521 511 560 571 ab
575 511 698 572 bomine
712 510 891 572 iracundo.“
924 512 1024 576 Velut
1036 522 1096 578 stu·-

117 615 195 675 pens
211 604 331 673 gestum
351 597 435 656 illum
450 593 596 656 saevituri
616 595 785 657 deformem
800 593 934 670 sapienti
948 596 1021 658 viro
1035 613 1094 661 ear·

116 683 217 754 vabot,
232 681 344 742 oblitus
358 679 417 740 iam
433 680 531 751 servi,
547 678 620 754 quia
634 679 727 739 alium
742 693 833 753 quem
846 677 952 753 potius
966 682 1094 757 casum·

116 773 163 826 ret
176 765 343 826 invenerat
373 764 476 838 itaque
499 762 622 822 abstulit
636 761 694 823 sibi
708 762 739 821 in
762 777 838 823 suos
860 768 1050 837 potestatem
1068 770 1095 826 ci

116 850 156 910 ob
168 856 326 924 peccatum
339 846 495 923 quoddam
503 845 698 906 commotior:
713 852 776 919 „tu,
788 845 893 921 lnquit,
905 844 1094 925 Speusippe,

116 933 270 993 servulum
292 931 383 991 istum
402 929 582 989 verberibus
604 928 748 1005 obiurgas
775 945 845 988 nam
863 944 925 1005 eso
946 931 1094 994 irascere

84 1020 99 1074 7
117 1014 163 1076 Ob
181 1015 240 1076 boc
262 1030 322 1075 non
344 1013 463 1087 cecidit,
487 1020 612 1089 propter
626 1013 709 1089 quod
721 1013 799 1074 allus
814 1013 993 1075 cecidisset.
1037 1016 1094 1076 lra

115 1113 202 1171 scor,
218 1097 331 1173 inquit:
348 1097 418 1172 plus
433 1097 542 1157 faciam
558 1113 648 1172 quam
665 1103 794 1172 oportet,
810 1097 954 1159 libentius
970 1099 1095 1161 faciamt

116 1181 232 1243 nonsit
252 1181 311 1242 iste
330 1196 440 1241 servus
454 1181 484 1241 in
505 1181 571 1241 eius
588 1187 738 1255 potestate
753 1181 806 1256 qui
823 1180 853 1240 in
872 1196 931 1241 sua
951 1198 1018 1243 oon
1038 1190 1092 1244 eet.

116 1264 236 1340 Aliquis
247 1266 312 1326 vult
328 1265 406 1325 irato
421 1263 566 1325 committi
580 1263 740 1337 ultionem,
761 1279 831 1325 cum
844 1263 930 1326 Plato
952 1266 1096 1343 sibiipsa

117 1350 277 1424 imperium
300 1348 515 1422 abrogaveritf
547 1347 627 1408 Nihil
646 1347 699 1408 tibi
719 1346 823 1420 liceat,
844 1348 918 1409 dum
939 1348 1095 1411 irasceris.

120 1441 237 1509 queret
258 1432 391 1507 quisvis
407 1431 508 1491 omnia
521 1431 623 1491 licere.

86 1526 100 1578 1
178 1514 257 1576 xttt.
277 1515 384 1589 Pugna
403 1522 503 1575 tecum
524 1514 608 1589 ipse:
629 1515 657 1576 si
676 1515 800 1575 vincere
820 1513 897 1574 iram
916 1532 981 1577 oon
997 1522 1090 1593 poles,

116 1608 147 1660 te
161 1599 212 1658 illa
232 1598 337 1673 incipit
358 1598 490 1658 vincere.
525 1598 552 1659 si
573 1597 779 1672 absconditur,
800 1597 827 1658 si
847 1598 889 1659 illi
910 1598 1017 1662 cxltus
1036 1615 1094 1662 non

118 1684 215 1755 datur,
238 1682 327 1757 signa
341 1682 407 1743 eius
423 1682 589 1742 obruamus
605 1689 635 1741 et
653 1683 734 1742 illam
751 1689 895 1756 quantum
910 1682 978 1743 lieri
994 1690 1097 1759 potest

85 1776 104 1826 u
118 1766 268 1826 occultam
284 1773 496 1841 secretamque
518 1774 687 1827 teneamus.
724 1764 800 1825 Cum
813 1780 923 1840 magne
939 1763 971 1825 id
988 1774 1097 1828 nostra

117 1848 258 1910 molestia
272 1849 333 1911 liet.
363 1849 449 1924 cupit
467 1849 546 1909 enim
562 1847 686 1909 exsilire
700 1858 732 1909 et
747 1847 912 1909 incendere
934 1851 1049 1911 oculos
1067 1857 1097 1911 ci

117 1938 234 1993 rnutmc
254 1933 372 1992 faciem.
395 1933 450 1993 sed
464 1934 491 1993 si
506 1932 639 1992 eminere
653 1931 694 1991 illi
706 1939 793 1992 exim
808 1948 865 1992 nos
886 1932 979 2007 licuit,
1002 1949 1098 2010 supra

118 2031 176 2076 nos
191 2023 248 2076 est.
291 2017 324 2076 ln
342 2015 403 2077 imo
419 2017 551 2091 pectoris
566 2031 696 2076 secessu
708 2016 894 2076 recondetur
908 2017 1095 2093 feraturque,

118 2116 180 2160 non
196 2100 279 2160 ferat.
315 2101 405 2161 immo
421 2100 450 2159 in
466 2099 648 2160 contrarium
664 2100 765 2159 omnia
779 2100 847 2160 eius
861 2098 975 2159 indicia
990 2100 1097 2162 liecu-

119 2201 201 2245 mus=
236 2186 337 2245 voltus
352 2184 532 2256 remittatur,
552 2199 616 2243 vox
635 2182 732 2243 lenior
751 2183 806 2252 sit,
836 2182 952 2256 gradus
975 2185 1096 2245 lentior.

85 2269 103 2322 3
120 2267 261 2343 paulatim
284 2285 352 2330 cum
374 2268 576 2328 exterioribus
596 2265 740 2326 interiora
760 2266 937 2326 formantur.
988 2267 1025 2327 ln
1040 2267 1097 2329 So-

119 2360 200 2412 crate
220 2351 283 2412 irae
298 2352 419 2427 signum
432 2357 498 2412 erat
512 2366 620 2411 vocem
640 2349 832 2422 submittere,
854 2349 940 2424 loqui
959 2351 1097 2424 parcius.

118 2433 286 2509 adparebat
300 2443 371 2496 tunc
391 2434 475 2496 illum
489 2433 548 2495 sibi
570 2434 703 2494 obstare.
731 2430 1024 2508 deprehendebatur
1041 2433 1097 2495 ita-

119 2533 213 2592 quea
236 2518 433 2579 familiaribus
453 2525 484 2578 et
505 2516 735 2592 coarguebatur,
757 2531 814 2576 nec
835 2523 900 2576 erat
919 2515 963 2576 illi
981 2531 1097 2593 expro-

117 2599 216 2661 bratio
230 2601 374 2663 latitantis
389 2601 452 2660 irae
466 2601 592 2674 ingrata.
628 2599 733 2674 quidni
747 2600 903 2674 gauderet,
918 2599 1006 2674 quod
1020 2599 1099 2662 iram

120 2700 206 2744 suam
217 2684 301 2745 multi
313 2685 529 2757 intellegerent,
542 2699 631 2742 nemo
644 2683 790 2744 sentiretl
803 2682 1097 2757 sensissentautem,

120 2768 179 2829 nisi
193 2767 242 2830 ius
257 2767 363 2828 amicis
379 2767 559 2842 obiurgandi
583 2782 618 2826 se
638 2766 784 2840 dedisset,
806 2768 885 2827 sicut
905 2766 975 2841 ipse
990 2766 1052 2827 sibi
1065 2767 1098 2828 iu

86 2853 233 2914 laurices
255 2858 437 2926 sumpserat.
473 2851 591 2924 Quanto
612 2850 709 2925 magis
730 2850 789 2912 boc
810 2849 900 2910 nobis
920 2849 1098 2912 faciendum

120 2941 187 2995 esti
205 2950 349 3009 rogemus
365 2934 582 2995 amicissimum
598 2949 758 3009 quemque,
776 2940 809 2995 ut
824 2940 896 2994 tunc
910 2933 1045 2994 maxime
1060 2932 1097 2994 ti·

118 3018 235 3078 bertate
249 3020 400 3079 adversus
415 3035 476 3079 -nos
491 3025 600 3090 utatm,
616 3033 685 3077 cum
699 3018 824 3078 minime
834 3017 916 3076 illam
931 3017 995 3091 peti
1008 3024 1098 3092 pote·

119 3101 223 3173 rimus,
238 3117 297 3161 nec
314 3101 500 3167 adsentiatur
514 3103 577 3160 irae
598 3109 731 3161 nostrae.
755 3106 862 3162 contra
875 3101 969 3177 [nos,]
984 3108 1098 3177 potens

120 3184 231 3244 malum
253 3191 284 3245 et
303 3185 387 3260 apud
407 3202 466 3245 nos
485 3185 662 3259 gratiosum,
685 3185 756 3244 dum
776 3184 996 3258 conspicimus,
1022 3185 1099 3247 dum

87 3267 216 3332 anostri
228 3284 343 3342 sumus,
359 3268 556 3329 advocemus.
580 3267 636 3342 Qui
647 3268 835 3347 vinurnmale
850 3266 1098 3329 feruntetebrie·

120 3352 189 3412 tatis
205 3368 280 3413 suae
300 3353 496 3413 temeritatem
518 3368 553 3412 ac
569 3351 764 3426 petulantiam
784 3357 928 3422 metuunt,
950 3351 1100 3412 mandant

119 3435 195 3509 suis,
211 3443 244 3496 ut
257 3451 275 3496 a
290 3435 433 3497 convivio
446 3436 632 3497 auferantur.
660 3434 926 3511 intemperantiam
938 3432 970 3495 in
983 3434 1099 3497 morbo
