2378 3856
183 193 236 253 AD
250 192 433 253 Manciam
454 191 505 252 DE
527 191 828 252 CONSOLATIONE.
852 201 893 254 10.
910 203 950 255 11.
984 193 1054 262 ,121

86 342 219 418 pectoris
237 341 473 416 dispensandae.
503 340 586 415 Quae
608 341 720 401 deinde
740 342 799 402 ista
813 359 888 403 suae
903 345 1057 418 publicae-

87 441 149 500 que
164 425 352 486 condicionis
373 424 485 485 oblivio
507 431 574 484 esti
600 423 736 484 Mortalis
758 433 828 484 nata
848 443 892 499 es,
913 430 1056 488 mortales

86 507 243 583 peperisti.
275 515 362 582 putre
382 506 452 581 ipso
464 506 650 581 fluidumque
665 523 779 583 corpus
800 517 831 569 et
851 511 953 569 causis
968 527 1056 586 repe·

87 593 141 652 tila
154 591 286 665 sperasti
306 598 366 650 tam
386 589 526 649 inbecilla
546 590 671 650 materia
689 592 788 650 solida
808 599 839 651 et
859 599 984 653 aeterna
1004 609 1055 667 ge-

86 681 213 735 stasse?
254 671 394 733 Decessit
407 671 487 733 lilius
503 681 582 746 tuus,
604 673 635 731 id
651 679 712 746 est,
728 673 901 737 decucurrit
920 676 960 735 ad
974 676 1084 736 huncu

86 760 187 830 linem,
203 757 241 816 ad
258 772 347 830 quem
363 770 442 831 quae
456 755 592 816 feliciora
603 763 691 830 partu
707 763 758 816 tuo
773 765 864 831 putas
880 766 1055 833 properant.

86 843 147 900 huc
162 840 259 900 omnis
283 840 341 899 ista
362 839 489 914 quaein
511 838 701 913 ioro'litigat,
721 840 750 898 in
773 840 895 901 theatris
911 844 1055 917 [deodati

86 926 117 982 in
132 922 250 997 templis
265 929 406 997 precatur
418 922 504 983 turba
519 921 634 998 dispari
648 923 744 996 gradu
759 924 850 984 vadit.
872 933 903 986 et
918 941 997 1001 quae
1012 927 1056 986 di-

86 1007 155 1080 ligis
171 1004 349 1078 [veneraris]
365 1013 396 1065 et
416 1021 495 1080 quae
513 1005 656 1082 despicis,
678 1023 756 1068 unus
771 1008 954 1082 exaequabit
969 1008 1055 1069 cinis.

84 1091 152 1149 Hoc
167 1087 307 1149 videlicet
321 1089 371 1166 illa
384 1088 517 1166 Pythicis
540 1091 671 1150 oraculis
692 1090 846 1164 adscripta
858 1091 983 1152 NOSCE
998 1092 1054 1150 TE.

86 1171 182 1246 Quid
206 1180 265 1232 est
289 1172 422 1233 homo?
450 1172 606 1248 quodlibet
627 1188 774 1247 quassum
794 1189 849 1233 vas
870 1183 900 1233 et
921 1175 1084 1249 quotibeta

86 1256 192 1329 fragile
206 1255 326 1316 iactatu.
354 1272 417 1316 oon
432 1261 613 1330 tempestate
627 1270 745 1329 magna,
766 1261 799 1314 ut
818 1256 986 1331 dissiperis,
1009 1266 1056 1318 est

86 1355 174 1412 opus.
203 1337 388 1413 ubicumque
403 1337 589 1410 arietaveris,
610 1338 750 1398 solveris.
781 1335 855 1412 quid
875 1348 923 1398 est
943 1340 1056 1398 homo?

84 1419 258 1482 inbecillum
275 1436 389 1495 corpus
405 1427 434 1480 et
454 1420 569 1493 fragile,
581 1420 706 1492 nudum,
727 1429 836 1495 suapte
854 1429 961 1482 natura
977 1423 1054 1481 iner-

85 1520 143 1576 me,
160 1502 277 1562 alienae
289 1504 358 1578 opis
370 1501 519 1577 indigens,
535 1503 575 1562 ad
587 1503 686 1565 omnis
701 1504 839 1564 fortunae
856 1506 1055 1566 contumelias

86 1586 266 1662 proiectum,
282 1602 351 1646 cum
372 1587 450 1646 bene
470 1587 601 1647 lacertos
623 1587 766 1660 exercuit,
790 1587 952 1649 cuiuslibet
972 1589 1054 1657 ierne

86 1669 240 1745 pabulum,
258 1669 551 1742 cuiuslibetviclima,
568 1685 606 1729 ex
619 1669 745 1730 infirmis
757 1669 1054 1746 fluidisquecontex·

86 1762 149 1813 tum
163 1761 193 1813 et
207 1752 396 1813 lineamentis
405 1762 409 1772 “
418 1751 619 1813 exterioribus
634 1754 770 1828 nitidum,
789 1754 919 1828 trigoris,
941 1762 1054 1829 aestus,

86 1836 200 1896 laboris
216 1833 377 1912 inpatiens,
393 1837 462 1912 ipso
474 1852 581 1898 rursus
593 1837 653 1897 situ
663 1844 694 1898 et
707 1837 770 1898 otio·
780 1837 888 1898 iturum
903 1838 934 1897 in
945 1838 1055 1911 tabem,

86 1918 228 1978 alimento
241 1929 379 1981 metuens
393 1937 459 1994 sua,
476 1936 605 1996 quorum
618 1920 742 1981 modum
757 1923 799 1994 [in
810 1924 896 1997 copia
910 1922 1056 1982 excedens

85 2005 142 2073 vel]
157 2003 186 2060 in
202 2002 306 2078 inopia
319 2005 474 2079 rumpitur,
495 2004 605 2064 anxiae
619 2003 830 2078 sollicitaeque
849 2006 969 2076 tutelae,
985 2020 1054 2078 pre-

87 2084 161 2145 carii
176 2085 299 2159 spiritus
312 2094 341 2146 et
351 2089 429 2146 male
440 2086 601 2158 haerentis.
631 2086 726 2161 *qua*
739 2087 1083 2162 partumrepentinuml

85 2168 205 2228 auditus
219 2167 375 2242 inproviso
391 2185 486 2230 sonus
501 2170 626 2230 auribus
640 2171 744 2244 gravis
759 2170 880 2230 excutit.
903 2170 961 2230 soli
976 2185 1054 2229 sem-

87 2267 143 2327 per
162 2242 220 2310 sibi
236 2251 445 2313 nutrimentum
458 2252 599 2312 vitiosum
610 2259 641 2312 et
654 2252 766 2312 inutile.
794 2253 936 2312 miramur
950 2253 980 2311 ln
996 2252 1055 2312 hoc

86 2342 224 2406 mortem,
246 2350 325 2409 quae
346 2335 436 2394 unius
451 2336 599 2409 singultus
612 2351 692 2409 opus
713 2341 780 2394 esti
808 2334 955 2408 numquid
976 2335 1055 2394 enim

86 2425 120 2482 ut
135 2417 285 2491 concidat,
301 2418 401 2493 magni
415 2433 464 2478 res
479 2418 642 2478 molimenti
657 2424 724 2478 est?
755 2418 834 2477 odor
844 2418 886 2477 illi
900 2433 1056 2493 saporque

86 2509 116 2560 et
130 2501 278 2561 lassitudo
295 2509 325 2561 et
339 2500 441 2576 vigilia
451 2509 481 2562 et
493 2501 602 2561 humor
616 2509 646 2561 et
659 2501 745 2562 cibus
760 2508 791 2561 et
805 2500 872 2561 sine
887 2501 996 2576 quibus
1012 2502 1054 2561 vi·

85 2600 226 2645 verenon
235 2593 344 2658 potest,
360 2586 514 2646 mortifera
528 2592 607 2645 sunt.
636 2601 830 2661 quocumque
845 2585 980 2646 semovit
994 2592 1054 2646 sta·

85 2668 137 2728 tim
152 2666 331 2729 infirmitatis
346 2686 422 2730 suae
443 2670 608 2743 conscium,
629 2685 689 2729 non
705 2685 795 2730 omne
810 2671 928 2729 coelum
944 2669 1054 2741 ferens,

86 2767 233 2824 aquarum
245 2752 427 2813 novitatibus
439 2751 575 2828 flatuque
585 2769 646 2812 non
658 2753 811 2813 familiaris
824 2768 918 2812 aurae
929 2758 959 2811 et
970 2759 1054 2812 tenu·

85 2833 198 2894 issimis
217 2836 321 2894 causis
332 2842 425 2910 atque
437 2835 659 2897 offensionibus
676 2834 854 2908 morbidum,
871 2841 968 2909 putre,
983 2850 1055 2894 cau·

85 2918 209 2988 sarium,
225 2915 299 2977 fletu
315 2918 405 2977 vitam
420 2919 620 2994 auspicatum,
642 2932 710 2976 cum
724 2916 841 2976 interim
858 2923 990 2990 quantos
1011 2923 1055 2975 tu-

84 3002 197 3061 multus
212 2999 271 3075 boc
292 3008 351 3058 tam
371 3008 575 3075 contemptum
597 2999 707 3058 animal
725 3005 847 3057 movet?
874 2996 905 3056 in
926 3005 1055 3073 quantas

86 3083 286 3157 cogitationes
302 3082 425 3143 oblitum
441 3083 630 3143 condicionis
645 3097 720 3143 suae
741 3081 844 3142 venit?
870 3081 1084 3156 Inmortalia,5

84 3166 333 3226 aeternavolutat
347 3166 446 3226 animo
460 3175 490 3227 et
504 3167 533 3226 in
548 3175 676 3240 nepotes
688 3173 938 3240 pronepotesque
950 3165 1055 3240 dispo·

85 3249 143 3322 nit,
166 3266 233 3310 oum
249 3249 367 3311 interim
389 3250 479 3324 longa
494 3258 651 3310 conantem
672 3264 741 3310 eum
762 3265 843 3310 mors
864 3249 1008 3325 opprimit
1027 3255 1057 3306 et

85 3332 154 3407 hoc,
170 3333 253 3406 quod
269 3341 412 3394 senectus
427 3343 564 3408 vocatur,
579 3334 832 3409 paucissimorum
847 3333 990 3392 circuitus
1002 3345 1054 3389 au-

85 3430 203 3475 norum.
