2378 3856
250 205 301 268 bu
316 205 540 269 ,BBAEVITATE
554 205 690 271 vulsit-1
703 212 806 270 Η..
949 202 1012 273 201

55 364 94 421 :at
108 354 315 429 immixtosque
330 354 448 421 maome
463 354 531 429 paci
545 353 833 435 etimperiobostes
845 354 1013 430 perdomat,
1024 420 1034 427 ,,

54 440 117 505 ium
136 437 216 501 ultra
230 436 374 499 Rbeatam
394 444 424 498 et
441 436 615 512 Euphraten
636 437 852 505 et-Danuniam
867 438 1013 506 terminos

55 528 160 595 novet,
181 514 211 585 in
226 519 385 596 ipsa-tube
398 520 558 592 Murenae,
580 519 758 596 Caepionis,
772 520 898 598 Lepidi,
912 520 1012 596 Rana·

55 607 153 673 iorum
175 606 300 667 iri-ama
316 618 480 673 mucrones
505 602 700 667 acuebantur.
739 604 881 673 Nondum
905 605 1042 675 hoiumtt

55 688 194 763 effugerat
212 685 361 755 insidiosa·
384 688 446 753 iilia
466 695 498 748 et
516 693 562 748 tat
574 685 700 753 «nobiles
713 688 1013 755 iuvenesadulterio

55 774 329 835 relutsacraaieato
340 770 443 833 adacti
451 771 510 831 mm
521 764 680 835 infractam
690 777 819 833 aetatem
828 772 1013 833 ιθτιιιιιιιιιιιι

55 856 177 930 >iusque
191 862 221 914 et
234 854 489 919 iterumnmenoa
503 870 571 915 eum
584 854 718 919 Antonio
732 854 859 919 mulier·
876 852 953 916 liaeo
968 855 1013 917 ul-

55 954 115 1000 :era
131 954 200 1001 cum
214 937 292 1012 ipsis
304 937 448 1003 membris
459 936 647 1004 abscideram
669 936 730 1003 alia
739 937 1012 1002 subnascebantur.

54 1024 126 1082 relat
139 1021 243 1098 [intra]
258 1036 352 1096 grave
367 1022 461 1085 multo
478 1023 628 1097 sanguina
643 1029 875 1098 eorpus-partes
890 1037 1014 1097 semper

54 1105 164 1180 aliquae
178 1105 406 1180 rumpebantur.
428 1105 535 1181 ltaque
545 1106 646 1169 otium
654 1104 793 1181 optabat.
810 1104 841 1166 in
851 1105 944 1167 huius
956 1120 1013 1181 spe

54 1197 75 1249 >t
94 1189 277 1263 cogitatione
297 1187 420 1250 labores
441 1189 509 1251 eius
526 1189 714 1255 residebant.
743 1188 803 1253 boc
822 1196 928 1250 votum
949 1195 1014 1251 crat

54 1273 125 1344 tius,
147 1271 198 1347 qui
213 1272 275 1332 voti
289 1278 438 1346 conpotes
454 1273 562 1337 iacere.
568 1278 697 1346 poterat

104 1356 142 1413 ll.
175 1355 297 1417 Marcus
318 1355 424 1416 Cicero
449 1355 527 1417 inter
547 1354 704 1427 Catilinae,
733 1352 857 1416 Clodios
883 1355 1040 1423 iactatasl

54 1439 270 1514 >ompeiosque
294 1447 335 1501 et·
348 1438 493 1510 crassos,
508 1439 632 1514 partim
656 1439 837 1505 manifestos
862 1437 1013 1511 inimicos,

54 1521 152 1581 tanim
172 1521 282 1584 dubins
304 1522 434 1599 amicos,
454 1521 711 1585 danailuctuatar·
725 1537 795 1585 cum
812 1518 971 1597 republica
983 1529 1014 1587 et

54 1605 125 1665 liam
138 1620 265 1681 pessum
279 1612 402 1669 euntem
416 1613 511 1681 tenet,
530 1604 697 1669 novissime
707 1605 872 1679 abductas,
894 1620 953 1667 neo
962 1620 1011 1665 se-

54 1689 152 1749 nmdis
172 1687 264 1749 rebus
287 1689 408 1764 quietos
424 1704 481 1750 nee
495 1690 697 1755 adversatum
710 1689 846 1765 patiens,
867 1688 1011 1764 quotiens

54 1772 125 1832 llum
145 1773 246 1847 ipsum
268 1773 458 1834 consulatum
479 1789 568 1834 suum
583 1786 647 1834 non·
660 1773 727 1835 sine
741 1788 851 1844 causa,
874 1771 932 1839 scd
945 1771 1011 1834 sine

54 1855 104 1915 ine
125 1856 277 1916 laudatum
299 1855 486 1916 detestaturi
520 1856 615 1930 Quam
630 1856 748 1919 flebiles
760 1871 858 1919 -voces
873 1853 1042 1930 exprimito

54 1956 72 1999 n
92 1940 224 2013 quadam
237 1939 277 1998 ad
292 1940 422 2000 Atticum
439 1940 570 2015 epistula
583 1941 643 2001 iam
657 1940 739 2002 victo
757 1947 843 2015 patro
856 1938 1011 2013 Pompeio,

54 2019 258 2083 adhucillioia
271 2022 420 2096 Hispania
431 2024 807 2087 bactaarmareiaventet
827 2023 1012 2095 Quidwom,

54 2105 155 2181 nquit,
181 2107 231 2168 aab
249 2103 390 2180 quoeris?
419 2122 518 2169 moror
537 2111 569 2168 in
592 2107 757 2174 amanam
776 2122 840 2168 meo
856 2105 1012 2168 semiliber.

54 2189 104 2250 alia
117 2189 264 2265 deinceps
279 2190 385 2263 adicit,
401 2190 513 2264 quibus
527 2197 558 2253 et
570 2189 702 2264 priorem
713 2197 843 2250 aetatem
852 2189 1013 2262 eonptorat

54 2281 74 2337 ιι
87 2272 129 2335 ae
143 2273 296 2348 praesenti
312 2274 446 2347 queritur
460 2274 545 2334 etde
559 2274 660 2335 lutura
673 2273 828 2348 desperat.
855 2270 1041 2337 Seruiliae-a
1152 2288 1157 2302 ·

54 2371 110 2417 um
124 2372 160 2416 se
174 2356 251 2423 dixit
263 2355 386 2418 cinerea
412 2364 444 2416 at
457 2356 647 2419 mehercules
661 2370 826 2431 numquam
841 2353 967 2428 sapiens
981 2353 1011 2413 in

54 2455 103 2500 am
125 2439 237 2500 humile
256 2454 369 2501 nomen
394 2441 552 2515 procedet,
582 2453 748 2515 numquam
767 2436 923 2501 semiliber
939 2437 1011 2533 Ηιιιι,

53 2528 178 2596 ntegrae
190 2539 312 2599 semper
326 2522 472 2589 libertatis
487 2524 660 2597 etsolidae,
682 2522 816 2596 solutus,
838 2528 868 2581 et
878 2536 926 2581 sm
937 2520 1011 2582 iuris

53 2613 72 2668 ιι
89 2607 179 2668 albor
199 2608 319 2670 octaris.
353 2607 427 2682 qaia
446 2608 526 2668 anim
541 2624 636 2683 supra
649 2623 718 2717 eum
733 2611 835 2682 potest
849 2619 936 2679 esse,
948 2601 1012 2678 qui

53 2705 136 2764 mpra
151 2690 303 2759 fortunam
318 2698 387 2753 esti
446 2708 448 2713 ·

102 2774 156 2833 Vl.
177 2774 283 2842 livius
297 2777 431 2847 Drusus,
451 2775 498 2837 vir
512 2790 584 2835 acer
597 2781 628 2843 et
633 2752 823 2846 vehemens,
842 2787 911 2834 cum
926 2733 1039 2844 leg-est

53 2872 139 2917 novas
154 2864 185 2917 et
198 2859 278 2917 mala
291 2857 468 2919 Gracchana
479 2859 641 2928 movisset,
653 2858 785 2930 stipatus
794 2852 910 2928 ingenti
919 2855 1012 2915 totius

55 2940 146 2999 taliae
165 2945 268 3011 caetu,
296 2940 409 3000 exitum
433 2954 536 3001 rarum
559 2955 622 3004 non
645 2937 826 3011 pervideas,
854 2952 932 3010 quas
955 2949 1013 2997 noc

53 3039 134 3097 agere
149 3020 258 3084 licebat
273 3037 330 3083 neo
344 3022 404 3080 iam
417 3019 546 3081 liberam
560 3021 735 3102 erat-semel
749 3018 908 3083 inchoatas
922 3018 1011 3078 relin-

53 3122 152 3180 1uere,
182 3111 360 3167 exsecratus
383 3103 550 3178 inquietam
569 3121 588 3167 a
606 3103 779 3180 primordiis
797 3103 889 3169 vitam
903 3100 1012 3163 dicitur

53 3189 173 3250 lixissea
204 3189 276 3262 „uni
291 3188 350 3249 sibi
370 3203 408 3247 ne
422 3203 519 3264 puero
533 3188 656 3262 quidem
672 3203 816 3263 umquam
832 3187 923 3249 iarios
939 3201 1011 3246 coa-

54 3273 179 3346 igisse.“
208 3274 313 3334 Ausus
327 3279 375 3334 est
390 3272 469 3334 enim
483 3279 514 3331 et
526 3272 661 3347 pupillus
675 3271 777 3333 adhuc
791 3278 821 3332 et
841 3275 1011 3345 praetexta·

54 3371 91 3416 us
112 3354 263 3419 iudicibus
283 3371 354 3418 reos
369 3356 586 3417 commendare
599 3362 629 3415 et
642 3355 768 3430 gratiam
783 3369 870 3417 suam
886 3354 952 3413 loro
968 3352 1012 3411 in-

54 3453 204 3514 erpanere
230 3447 291 3501 tam
317 3439 481 3500 efficaciter
504 3439 641 3514 quidem,
664 3446 698 3499 ut
723 3437 874 3512 quaedam
901 3433 1013 3495 iudicia
