2378 3856
148 192 211 255 238
306 193 340 251 L.
361 191 507 251 ANNAEI
530 190 706 251 SENECAE
725 190 827 251 Dlltt.
842 190 907 251 xu.

149 432 210 507 ptis
229 429 425 490 adlocutione
445 444 524 503 opus
545 435 611 488 erut
630 426 745 487 homini
764 426 806 487 ud
820 426 1039 489 consolandos
1052 444 1125 491 snos

148 531 187 574 ex
209 513 278 589 ipso
299 527 375 587 rogo
398 520 490 587 caput
511 510 683 571 adlevanti?
714 507 814 571 omnis
828 515 932 571 cutem
946 512 1126 587 mussitando

149 595 266 658 doloris
284 596 408 657 modum
431 595 608 656 excedentis
628 608 759 654 necesse
778 600 827 655 est
846 593 1003 657 delectum
1016 596 1122 659 verbo·

147 698 215 741 rum
229 680 347 755 eripiat,
363 695 431 740 cum
445 694 541 755 saepe
556 693 665 740 vocem
676 690 801 753 quoque
814 677 918 753 ipsam
930 678 1122 745 intercludet.

116 768 133 821 ι
147 765 319 840 Utcumque
337 762 475 824 connitor
488 777 550 822 non
565 761 699 822 lidueia
691 758 814 836 ingenii,
831 760 891 823 sed
905 762 983 838 quie
997 776 1122 839 possum
1163 824 1167 829 .

148 849 244 909 instar
265 846 497 908 efficacissimae
518 845 739 906 consolationis
761 859 834 905 esse
846 842 918 921 ipse
935 848 1165 909 consolator..

148 933 196 991 cui
216 930 289 991 nihil
310 945 457 1026 negares,
483 927 554 988 huic
574 927 634 988 hoc
654 926 761 1004 utique
780 935 810 989 te
830 943 894 989 non
908 943 986 991 esse
999 936 1128 1007 ιιοςιιι·Ι
1156 894 1166 1003 i

146 1030 227 1088 ram,
248 1014 318 1073 licet
332 1011 431 1073 omnis
446 1027 569 1073 moeror
582 1019 746 1073 contumax
761 1012 800 1073 sit
805 1026 941 1089 ‚,spero
955 1014 1163 1081 uinculo.
1156 992 1166 1041 ¹

145 1098 191 1156 rio
207 1104 258 1158 tuo
272 1097 350 1156 velis
366 1112 384 1156 a
398 1111 446 1155 me
460 1095 584 1156 modum
599 1096 699 1156 statui.

121 1193 133 1242 1
207 1181 243 1238 ll.
264 1179 345 1240 Vide
360 1186 505 1256 quantum
517 1178 557 1239 de
567 1178 756 1255 indulgentia
765 1187 817 1240 tuo
828 1179 1027 1255 promiserim
1035 1178 1114 1243 ιιιιιιιι

147 1264 349 1340 potentiorem
369 1279 419 1324 me
439 1264 573 1325 loturum
587 1264 671 1339 apud
685 1270 716 1324 ιο
729 1279 791 1323 non
805 1263 913 1325 dubito
928 1279 1025 1341 quam
1037 1264 1114 1327 dolo

146 1363 209 1408 rem
225 1354 322 1422 tuum,
345 1362 406 1423 quo
422 1347 496 1408 nihil
510 1354 559 1407 est
572 1346 656 1422 apud
670 1344 802 1408 miseros
817 1345 987 1423 potentius.
1017 1348 1115 1425 laque

146 1448 185 1492 ne
206 1432 307 1492 stetim
328 1447 396 1492 cum
417 1446 455 1492 eo
476 1446 670 1505 concurrum,
691 1430 787 1492 adero
807 1430 892 1506 prius
907 1430 950 1491 ilii
965 1438 999 1495 ct
1011 1430 1115 1509 quibus

147 1516 294 1576 excitetur
308 1517 454 1589 ingeram.
484 1513 819 1589 omniaprolercm
834 1512 1114 1589 etrescindem,

117 1605 248 1675 cquae
270 1599 341 1658 iam
365 1598 648 1667 obductasunt.
679 1597 768 1658 Dicet
781 1595 908 1675 aliquis3
933 1600 1049 1674 ‚‚quo‹l
1063 1598 1116 1659 irec

146 1698 244 1758 genus
260 1688 308 1743 est
322 1681 512 1756 consolandi,
529 1681 688 1742 obliterata
698 1683 778 1741 mala
788 1696 936 1742 revocare
947 1689 981 1744 et
990 1682 1117 1743 animum

146 1767 176 1825 in
193 1767 326 1827 omnium
341 1782 552 1826 aerumnarum
568 1781 693 1825 suarum
708 1770 878 1840 conspectu
892 1766 1057 1829 conlocare
1070 1766 1117 1826 vix
1164 1832 1168 1841 ,

146 1849 242 1910 unius
253 1849 459 1923 potientemt“
481 1849 538 1909 sed
553 1849 579 1908 is
594 1848 719 1922 cogitet,
736 1863 951 1924 quoecumque
964 1864 1067 1927 usque
1081 1864 1116 1909 eo
1165 1844 1169 1901 i

146 1931 322 2007 perniciosa
340 1940 425 2005 sunt,
447 1939 603 1993 utcontra
621 1930 790 1992 remedium
810 1934 1039 2009 convaluerint,
1059 1934 1117 2009 ple
1163 1998 1166 2003 ,

146 2031 275 2090 rumque
301 2016 459 2076 contrariis
481 2016 590 2077 curari.
623 2016 721 2076 omnis
742 2016 846 2090 itaque
859 2016 961 2077 luctus
979 2016 1023 2079 illi
1036 2030 1117 2089 euos,

147 2098 249 2159 omnia
262 2099 401 2174 lugubria
416 2099 603 2160 admovebo·
618 2099 678 2160 hoc
692 2098 749 2158 erit
762 2115 822 2161 non
839 2100 923 2160 molli
933 2098 1117 2173 νιιιιιιοιιιιι,

147 2185 203 2243 sed
221 2199 309 2243 urere
324 2199 360 2243 ac
376 2198 492 2244 secare.
516 2183 594 2257 Quid
609 2190 803 2259 consequare
816 2190 850 2245 ut
861 2184 979 2258 pudeat
989 2184 1118 2247 animum

148 2273 190 2328 tot
204 2265 393 2328 miseriamm
408 2268 555 2328 victorem
569 2282 662 2343 aegre
676 2269 756 2327 lerre
770 2282 863 2327 unum
877 2270 995 2329 volnus
1008 2266 1043 2331 ιιι
1055 2282 1118 2329 eor·

118 2354 222 2426 epure
248 2359 309 2412 tam
335 2352 526 2413 cicatricoso.
557 2351 663 2411 Fleant
687 2350 789 2425 itaque
811 2349 924 2411 diutius
942 2358 976 2413 et
989 2356 1117 2433 ςοιιιιιιι,

148 2451 276 2510 quorum
298 2435 444 2495 delicatas
466 2439 583 2495 mentes
604 2434 761 2494 enervavit
780 2435 872 2508 longa
891 2434 1025 2497 {elicitus
1038 2432 1118 2497 eisd
1171 2454 1175 2517 ς

146 2519 368 2578 levissimarum
388 2518 563 2577 iniuriamm
583 2526 683 2578 motus
705 2517 917 2578 contebantur:
939 2526 1118 2596 atquem
1168 2526 1176 2563 -‘

147 2615 255 2660 onmes
271 2601 342 2659 anni
359 2614 414 2674 per
430 2599 616 2661 calamitates
631 2602 830 2676 transierunt,
844 2601 1033 2676 gravissime
1046 2616 1118 2681 qno·

147 2697 207 2756 que
227 2683 296 2743 lorti
317 2688 348 2743 et
368 2682 504 2743 inmobili
525 2685 695 2744 constantia
716 2685 880 2758 perierant.
912 2685 1017 2749 Unum
1031 2686 1120 2749 hotot

146 2766 277 2826 adsidua
291 2767 450 2827 infelicitas
463 2766 594 2840 bonum,
610 2769 695 2842 quod
710 2785 789 2841 quos
803 2784 927 2844 semper
939 2777 1053 2847 vexet,
1068 2784 1119 2831 no·

117 2851 271 2911 lvissime
287 2851 416 2912 indurat.
438 2851 556 2911 Nullam
569 2850 622 2912 tibi
638 2853 760 2913 fortuna
777 2852 971 2915 vacationem
981 2852 1080 2929 dedit,
1092 2858 1121 2913 et

145 2935 335 3009 gravissimis
360 2934 490 2996 luctibus
516 2951 556 2995 ne
581 2937 711 2997 natalem
731 2937 855 3010 quidem
874 2943 962 2999 tuum
983 2936 1120 3015 exceptu

145 3017 274 3079 amisisti
293 3026 418 3079 matrem
439 3020 538 3080 statim
559 3026 644 3095 nota,
666 3021 843 3082 immodum
859 3021 1016 3097 nosceris,
1037 3028 1069 3084 et
1083 3020 1122 3083 ad

144 3102 236 3160 vitam
258 3102 484 3176 quodammodo
510 3103 653 3178 exposita
673 3120 718 3165 es.
751 3104 878 3165 Crevisti
896 3104 956 3167 sub
976 3120 1121 3169 noverea„

138 3200 239 3259 ·quam
253 3192 286 3244 tu
302 3185 424 3259 quidem
440 3188 522 3246 omni
537 3188 688 3263 obsequio
704 3194 734 3246 et
749 3188 874 3262 pietate,
896 3196 1013 3264 quanta
1027 3192 1079 3252 vel
1092 3188 1122 3251 in

147 3268 209 3328 lilio
230 3266 368 3343 conspici
389 3277 504 3343 potest,
529 3277 655 3331 matrem
676 3270 743 3331 lieri
758 3271 896 3347 coegisti.
930 3273 1008 3337 nulli
1022 3280 1121 3337 umen

147 3367 208 3412 non
225 3368 335 3427 magno
350 3353 484 3413 constitit
498 3355 587 3414 etiam
601 3354 682 3415 bona
697 3372 838 3416 noverca.
867 3356 1068 3421 Avunculum
1080 3359 1121 3419 ie·

147 3435 425 3514 dulgentissimum
455 3438 601 3514 optimum
626 3455 662 3499 ac
688 3440 886 3501 fortissimum
912 3441 1030 3517 virum,
1056 3457 1121 3505 cum

123 347 228 725 lenivi
250 346 334 421 quod
350 345 439 405 novis
455 344 557 404 verbis
571 358 629 403 nec
643 358 684 402 ex
696 339 816 417 volgari
829 348 861 403 et
873 342 1036 405 cotidiene
1048 360 1127 405 sum·
