2378 3856
115 220 394 281 CONTUMELIAM
408 219 600 281 ACCIPERE
614 219 840 285 SAPIENTEM.
853 220 894 279 IX
903 219 1009 279 -xlt
1031 215 1072 280 27

94 374 216 449 quidem
230 389 287 434 nec
303 373 453 434 adversus
468 388 505 432 ea
520 372 611 433 solita
624 370 676 432 illa
688 371 798 431 virtute
818 371 910 433 utitur
931 372 1014 435 dura
1028 379 1072 433 to-

93 458 220 531 lerandi,
236 459 294 518 sed
307 464 360 518 aut
373 474 435 518 non
451 456 576 518 adnotat
590 461 641 516 aut
657 455 749 529 digna
763 455 829 515 risu
845 460 939 530 putat.

156 541 206 601 Xl.
240 541 401 602 Praeterea
421 557 490 601 eum
514 555 656 615 magnam
681 545 799 614 partem
824 538 1099 605 contumeliaruml

91 626 217 700 superbi
232 626 462 700 insolentesque
476 625 589 684 iaciant
603 630 634 688 et
648 622 727 685 male
741 621 914 684 felicitatem
930 624 1072 693 terentes,

90 709 184 770 habet
198 724 260 783 quo
275 709 366 769 istum
377 709 530 771 adlectum
543 707 682 770 iullatum
691 713 825 782 respuat,
838 706 1072 782 pulcherrimam

89 794 229 852 uirtutem
244 793 376 853 omnium
393 791 524 866 [animi]‚
545 791 838 867 magnanimitatemr
860 791 912 850 illa
927 789 1074 866 quicquid

90 876 243 936 eiusmodi
267 883 329 951 est,
355 877 535 939 transcurrit
556 883 590 936 ut
616 891 713 935 vanas
740 872 865 950 species
884 873 1072 939 somniorum

88 962 241 1035 visusque
261 968 428 1023 nocturnos
451 960 525 1021 nihil
545 960 685 1020 habentis
700 957 791 1022 solidi
807 965 899 1033 atque
913 957 989 1019 veri.
1025 956 1102 1021 Sia

89 1046 153 1104 nrul
167 1044 241 1104 illud
257 1046 377 1118 cogitat,
394 1060 500 1104 omnes
516 1045 676 1106 interiores
692 1059 772 1117 esse,
785 1058 876 1118 quarn
893 1048 927 1104 ιιι
941 1042 1001 1102 illis
1018 1057 1072 1103 au·

89 1126 180 1187 dacia
201 1128 240 1187 sit
257 1136 341 1190 tanto
356 1129 528 1189 excelsiora
548 1129 718 1204 despicere.
756 1127 943 1190 Contumelia
963 1141 1069 1188 acon·

89 1218 206 1288 temptu
228 1212 309 1272 dieta
328 1219 389 1286 est,
416 1213 488 1287 quia
510 1228 599 1272 uerno
619 1212 678 1273 nisi
693 1227 784 1286 quem
799 1211 996 1285 contempsit,
1022 1209 1074 1269 tali

89 1295 199 1356 iniuria
214 1303 307 1357 notat.
330 1313 419 1357 nemo
434 1304 535 1357 autern
550 1295 696 1355 maiorem
708 1294 929 1367 melioremque
939 1299 1073 1355 contem-

89 1380 141 1454 nit,
157 1380 248 1439 etiarn
263 1380 290 1439 si
306 1379 378 1440 lacit
390 1378 515 1454 aliquid,
532 1380 618 1453 quod
632 1383 862 1439 contemnentes
875 1378 990 1437 solent:
1004 1392 1074 1437 narn

90 1470 121 1522 et
136 1463 225 1538 pueri
245 1479 282 1522 os
304 1469 464 1537 parentum
479 1462 590 1523 feriunt
604 1470 634 1522 et
648 1463 748 1522 crines
765 1461 870 1522 matris
884 1460 1018 1522 turbavit
1031 1462 1073 1520 la-

91 1547 270 1620 ceravitque
295 1546 395 1605 inians
417 1552 447 1606 et
466 1552 557 1619 sputo
579 1545 735 1620 adspersit
749 1553 800 1606 aut
813 1545 941 1606 nudavit
954 1544 985 1603 in
1001 1559 1075 1604 con·

90 1636 202 1704 spectu
217 1645 343 1690 suorum
360 1630 490 1702 tegenda
505 1636 536 1689 et
549 1630 651 1690 verbis
668 1629 923 1692 obscoenioribus
941 1644 1003 1688 non
1021 1644 1071 1703 pe-

90 1714 195 1788 percit.
224 1720 254 1773 et
268 1712 339 1772 nihil
355 1713 462 1773 lrorunr
479 1713 692 1773 contumeliam
707 1713 847 1774 dicimus.
870 1719 988 1788 quare?
1003 1714 1076 1787 quia

90 1799 143 1870 qui
158 1797 243 1871 lecit,
261 1802 457 1857 contemnere
471 1813 532 1856 non
548 1805 660 1873 potest.
695 1798 812 1857 Eadem
827 1813 923 1856 causa
938 1803 1002 1867 est,
1019 1798 1103 1861 curb

89 1895 148 1939 nos
164 1875 383 1956 mancipiorum
399 1888 572 1942 nostrorum
587 1881 744 1942 urbanitas
761 1881 791 1940 in
806 1880 950 1941 dominos
966 1887 1072 1941 contu·
1108 1894 1111 1901 ’

92 1963 221 2023 meliosa
237 1966 380 2036 delectet,
397 1981 527 2040 quorum
543 1966 673 2026 audacia
687 1963 729 2025 ita
743 1965 865 2024 demum
880 1962 939 2024 sibi
954 1963 984 2023 in
1001 1980 1074 2025 con·

92 2046 177 2106 vivas
192 2047 240 2107 ius
256 2047 336 2122 lacit,
358 2048 385 2108 si
400 2049 503 2123 coepit
517 2065 536 2108 a
550 2049 683 2109 domino.
728 2055 758 2109 el
784 2056 817 2109 ut
843 2049 975 2123 quisque
1001 2064 1074 2107 con-

91 2131 311 2203 temptissimus
321 2138 352 2191 et
364 2136 418 2204 [ut]
431 2131 592 2192 ludibrium
606 2140 661 2204 est,
674 2133 716 2191 ita
730 2133 937 2192 solutissimae
951 2132 1074 2205 linguae

91 2219 148 2270 est.
180 2211 296 2273 Pueros
315 2214 437 2287 quidam
459 2215 488 2273 in
512 2215 572 2276 hoc
593 2221 765 2275 mercantur
786 2230 935 2289 procaces
958 2221 988 2274 et
1008 2215 1074 2274 illo-

90 2310 156 2353 rum
177 2294 384 2368 inpudentiam
408 2305 521 2358 acuunt
545 2313 582 2357 ac
606 2297 664 2358 sub
690 2299 835 2372 magistro
862 2297 992 2370 habent,
1020 2295 1074 2371 qui

91 2378 205 2453 probra
219 2379 360 2439 meditate
376 2377 544 2452 effundunt,
559 2397 616 2440 nec
632 2380 689 2440 has
704 2381 903 2440 contumelias
915 2394 1072 2451 vocamus,

90 2462 148 2521 sed
171 2462 330 2536 argutiasz·
354 2470 467 2538 quanta
488 2469 587 2523 autem
610 2463 762 2524 dementia
781 2472 830 2524 est
849 2462 958 2522 iisdem
980 2464 1072 2534 modo

90 2546 250 2619 delectari,
275 2546 368 2605 modo
396 2545 510 2607 offendi
525 2554 556 2607 et
567 2564 632 2608 rem
649 2548 688 2606 ab
704 2547 802 2609 amico
818 2546 928 2607 dictam
948 2547 1073 2607 maledi-

89 2636 169 2690 ctum
185 2645 308 2703 vocare,
324 2646 342 2687 a
357 2633 481 2691 servulo
496 2632 631 2691 ioculare
646 2630 841 2692 convicium?

169 2712 233 2772 XII.
267 2713 362 2786 Quem
382 2715 514 2775 animum
536 2731 593 2776 nos
615 2716 766 2777 adversus
782 2731 897 2791 pueros
912 2715 1098 2788 habemusl

88 2796 170 2856 hunc
184 2798 310 2872 sapiens
326 2799 477 2860 adversus
493 2815 616 2872 omnes,
640 2799 752 2874 quibus
772 2799 862 2859 etiarn
880 2805 952 2873 post
965 2797 1071 2858 iuven·

86 2888 149 2941 tarn
165 2895 324 2956 canosque
343 2883 498 2957 puerilitas
514 2890 571 2944 est.
608 2899 646 2942 an
672 2883 837 2957 quiequam
861 2882 911 2941 isti
933 2882 1072 2955 proiece-

85 2969 165 3037 runt,
183 2964 293 3039 quibus
317 2986 336 3016 a
357 2966 447 3026 animi
460 2967 539 3025 mala
550 2974 620 3026 sunt
631 2965 775 3039 auctique
787 2966 816 3023 in
828 2965 926 3025 maius
939 2979 1070 3037 errores,

87 3048 141 3122 qui
157 3065 175 3106 a
190 3048 294 3122 pueris
309 3049 517 3122 magnitudine
531 3055 646 3109 tantum
658 3049 819 3122 lormaque
834 3062 998 3122 corporum
1013 3047 1069 3106 dil-

86 3133 202 3204 ferunt,
226 3139 359 3191 ceterum
379 3148 440 3195 non
458 3133 558 3193 minus
573 3132 643 3206 vagi
665 3132 848 3207 incertique,
870 3130 1072 3208 voluptatium

87 3211 155 3273 sine
170 3214 291 3274 delectu
306 3215 501 3290 adpetentes,
528 3217 639 3312 trepidi
655 3221 685 3275 et
699 3222 760 3276 non
775 3216 912 3290 ingenio,
938 3217 995 3274 sed
1010 3216 1071 3274 lor-

85 3296 201 3359 midine
217 3297 332 3372 quieti?
358 3299 430 3359 Non
447 3300 516 3360 ideo
534 3301 699 3374 quicquam
714 3300 873 3360 interillos
892 3298 1100 3389 puerosque2

80 3379 304 3459 &Mettus
252 3397 322 3442 s····
341 3379 458 3446 ”uerit
475 3383 559 3456 quod
573 3383 631 3443 illis
643 3384 772 3444 talorum
784 3396 935 3441 nucumve
947 3387 977 3439 et
990 3379 1072 3439 aeris

36 3451 262 3820 ν
402 3463 438 3529 l
503 3464 568 3527 auri
589 3464 768 3540 argentique
783 3471 814 3524 et
827 3463 956 3523 urbium
986 3462 1072 3536 quod
