2378 3856
291 208 345 268 Ab
367 205 551 267 SERENUM
570 205 621 265 DE
642 204 855 270 bride—ta
1006 204 1068 267 loe

85 360 214 420 desueta
236 357 348 432 ecquid
362 357 404 418 illi
419 373 524 419 secum
539 356 804 433 essepermittest
831 359 897 433 Quo
912 360 1013 420 animo
1028 360 1097 432 ad4

85 444 180 504 onum
205 441 329 516 sapiens
350 440 487 508 secedim
506 449 540 501 ut
560 441 637 502 sciat
658 457 692 500 se
711 448 773 502 tum
795 459 920 518 qnoque
934 451 1068 509 eaactu-
1088 473 1093 489 ι

84 543 162 599 rum,
179 541 235 600 per
250 540 333 600 quaev
344 525 477 600 posteris
494 524 600 600 prosit.
626 525 697 585 Nos*
708 532 790 585 certe
804 543 911 588 sumus
927 527 980 601 qui
995 528 1068 588 dici-

85 627 154 672 mus
170 618 202 668 et
214 609 370 671 Zenonem
381 617 420 670 et
434 608 641 686 Chrysippum
662 608 778 669 maiora
793 611 910 684 egisse,
935 611 1069 687 quamsi

85 692 250 755 duxissent
264 693 433 765 exercitus,
455 692 790 767 gessissent-bonores,
813 695 898 769 leges
913 696 1069 756 tulissent:

86 794 167 853 quas
188 793 249 837 non
273 777 323 835 uni
344 775 473 850 civitati,
496 777 552 837 sed
575 777 629 837 toti
650 775 782 838 humano
802 778 906 853 generi
928 780 1069 839 tulerunt.

86 861 161 936 quid
177 868 225 920 εει
239 876 329 934 ergo,
347 862 518 937 quaretale
533 861 626 931 otium
642 877 705 922 non
719 863 882 923 conveniat
894 861 977 923 bono
994 863 1069 936 viro,

86 961 144 1020 per
154 945 244 1020 quod
259 945 360 1004 lutura
379 946 487 1013 secula
498 944 619 1005 ordinet
632 961 697 1005 nec
713 946 797 1020 apud
812 961 930 1021 paucos
946 947 1070 1007 concio·
1169 970 1171 975 ’

86 1036 184 1102 netur,
201 1028 258 1088 sed
271 1029 354 1103 apud
370 1043 477 1088 omnes
493 1027 631 1102 omnium
641 1031 775 1104 gentium
790 1029 940 1103 homines,
956 1031 1070 1105 quique

87 1120 159 1173 sunt
173 1111 289 1188 quique
304 1119 413 1172 erunt?
439 1112 487 1171 Ad
505 1128 656 1173 summam
673 1129 804 1188 quaero,
825 1131 863 1173 an
888 1130 927 1173 ex
944 1120 1097 1189 praeca-<5

87 1196 149 1272 ptis
164 1196 229 1257 suis
245 1196 375 1256 vixerint
389 1196 550 1257 Cleanthes
565 1203 596 1255 ει
608 1197 803 1274 Chrysippus
820 1205 850 1257 et
863 1197 977 1258 Zenon.
1009 1213 1069 1257 non

87 1279 182 1342 dubie
195 1280 402 1355 respondebis
414 1280 460 1340 sic
472 1278 542 1341 illos
559 1280 692 1352 vixisse,
714 1281 969 1355 quemadmodum
982 1281 1069 1339 dixe·

86 1372 157 1425 rant
181 1379 253 1424 esse
279 1363 465 1424 vivendumr
486 1364 570 1439 atqui
594 1379 689 1424 nemo
707 1363 827 1424 illorum
851 1363 1070 1439 rempublicam

88 1446 320 1508 administravit.
340 1447 520 1522 ‘‚,Non·luit⁴,
544 1446 663 1522 inquis,
675 1447 743 1507 ⁴illie
765 1454 817 1507 ant
832 1463 869 1507 ea
881 1450 1005 1509 lortuna
1019 1454 1071 1506 aut

88 1532 221 1606 dignitas
237 1547 283 1605 ea,
309 1548 388 1606 quae
403 1531 519 1592 admitti
532 1530 778 1607 adpublicarurn
796 1547 897 1593 rerum
917 1530 1070 1594 tractatio·
1088 1568 1092 1573 ·

88 1629 159 1676 nem
180 1617 291 1688 solet.“
325 1614 387 1675 Sed
414 1614 505 1674 iidem
530 1614 727 1676 nibilominus
750 1633 811 1675 non
833 1611 1071 1691 segnemegere

90 1699 201 1759 vitamr
215 1701 404 1773 invenerunt,
421 1699 678 1774 quemadmodum
694 1702 763 1774 plus
780 1699 867 1774 quies
883 1700 1002 1760 illorum
1016 1699 1070 1760 bo·

89 1782 224 1843 minibus
236 1784 401 1857 prodesset
412 1799 504 1859 quarn
515 1783 643 1844 aliorum
655 1782 816 1844 discursus
831 1790 862 1844 et
875 1784 980 1845 sudor.
996 1798 1071 1858 orgo

90 1864 286 1926 nihilominus
311 1866 341 1924 bi
361 1869 486 1928 multum
514 1868 616 1942 egisse
645 1867 809 1966 visisunt,
839 1866 1071 1942 quamvisnibil

91 1949 214 2025 publice
228 1958 363 2024 agerent.
711 1987 714 1992 -
1066 1954 1103 1990 ·’-

151 2034 217 2092 Vll.
240 2035 402 2095 Praeterea
417 2034 473 2093 tria
488 2049 602 2107 genera
616 2042 688 2096 sunt
703 2036 791 2108 uitae,
807 2034 885 2096 inter
897 2050 975 2110 quae
988 2035 1095 2109 quodi

90 2118 131 2178 sit
148 2119 303 2192 optimum,
320 2118 426 2193 quaeri
444 2119 537 2177 soleti
561 2134 654 2178 unum
669 2119 816 2193 voluptati
830 2125 928 2190 vacat,
944 2119 1071 2178 alterum

91 2200 355 2279 contemplationi,
381 2199 500 2261 tertium
525 2201 646 2261 actioni.
674 2200 805 2260 Primum
831 2201 974 2276 deposita
998 2214 1071 2261 con-

91 2285 226 2346 tentione
240 2285 446 2360 depositoque
461 2283 549 2355 odio,
571 2286 656 2360 quod
677 2285 863 2359 inplacabile
880 2284 1003 2344 diversa
1022 2299 1071 2344 se·

93 2368 256 2444 quentibus
277 2369 459 2442 indiximus,
480 2367 655 2441 videamus,
676 2384 715 2427 an
729 2367 805 2427 haec
821 2368 923 2427 omnia
937 2366 976 2426 ad
990 2366 1072 2426 idem

92 2453 151 2514 sub
172 2453 232 2514 alio
247 2461 340 2530 atque
356 2453 416 2514 alio
436 2452 522 2513 titulo
537 2452 725 2528 perveniant.
752 2466 812 2511 nec
827 2450 892 2524 ille,
915 2451 967 2526 qui
982 2453 1073 2512 uolu-

94 2543 207 2611 ptatem
234 2538 357 2612 probat,
383 2538 451 2598 sine
476 2537 732 2613 contemplatione
757 2543 814 2596 εει.
846 2551 903 2595 nec
930 2536 994 2607 ille,
1021 2536 1073 2616 qui

93 2621 340 2697 contemplationi
355 2621 489 2694 inservit,
505 2622 573 2680 sine
586 2621 743 2695 voluptate
758 2627 814 2681 est.
840 2635 898 2679 nec
910 2620 969 2692 ille,
985 2619 1074 2680 cuins

95 2703 156 2764 vita
179 2705 352 2765 actionibus
377 2703 527 2765 destinata
552 2713 614 2779 est,
643 2705 709 2764 sine
735 2702 992 2779 contemplatione
1016 2711 1072 2762 est.

93 2786 286 2860 „Plurimum
302 2787 414 2863 inquis,
431 2787 614 2848 discriminis
629 2795 690 2861 εει,
707 2794 805 2848 ιιιιιιιιι
821 2787 923 2861 aliqua
936 2802 987 2844 res
1005 2792 1102 2860 pro-2

94 2873 228 2947 positum
253 2871 305 2942 sit,
332 2886 370 2930 an
397 2871 547 2946 propositi
572 2872 695 2930 alterius
722 2870 861 2929 accessio
888 2867 957 2928 sit.“
993 2867 1073 2927 Sane

94 2954 210 3030 grande
225 2954 399 3026 discrimen,
413 2961 514 3013 tamen
529 2955 656 3012 alterurn
670 2953 737 3012 sine
752 2953 847 3010 altero
862 2966 923 3009 non
938 2956 1000 3010 est:
1016 2966 1074 3010 nec

94 3042 144 3099 ille
156 3039 223 3099 sine
235 3036 355 3098 actione
366 3039 596 3112 contemplatur,
612 3052 668 3095 nec
680 3037 728 3095 liic
738 3035 806 3095 sine
818 3032 1075 3108 contemplatione

93 3124 164 3198 agit,
181 3139 237 3183 nec
252 3120 431 3194 distortius,
447 3121 486 3181 de
502 3135 563 3195 qno
576 3120 653 3180 male
665 3119 840 3179 existimare
851 3117 1074 3190 consensimus,

93 3209 279 3282 voluptatem
296 3206 422 3266 inertem
438 3204 559 3280 probat,
576 3206 630 3264 sed
646 3220 728 3275 earn,
743 3219 836 3279 quarn
849 3201 967 3262 ratione
981 3201 1075 3260 elficit

94 3291 212 3350 firmam
236 3291 305 3351 sibi
335 3289 380 3348 lta
399 3296 430 3348 et
449 3288 558 3348 haec
551 3304 620 3363 rpsa
644 3285 815 3384 voluptaria
840 3293 926 3346 secta
949 3284 979 3343 in
1005 3293 1103 3345 actus

93 3381 151 3434 εει.
181 3374 286 3449 quidni
309 3373 356 3447 [in
377 3380 447 3433 actu
467 3374 552 3450 est]t
573 3386 642 3458 cnm
663 3373 731 3447 ipse
751 3368 832 3430 dicat
848 3369 999 3443 Epicurus
1020 3364 1074 3424 all·

95 3437 219 3533 quando
236 3474 270 3516 εε
285 3469 480 3517 recessurum
495 3471 514 3514 a
529 3442 699 3530 voluptate,
721 3455 857 3515 dolorem
875 3450 965 3511 etiam
979 3449 1073 3524 adpe-
