<?xml version="1.0" encoding="UTF-8"?>
<!DOCTYPE html PUBLIC "-//W3C//DTD XHTML 1.0 Transitional//EN"
    "http://www.w3.org/TR/xhtml1/DTD/xhtml1-transitional.dtd">
<html xmlns="http://www.w3.org/1999/xhtml" xml:lang="en" lang="en">
 <head>
  <title>
</title>
<meta http-equiv="Content-Type" content="text/html;charset=utf-8" />
  <meta name='ocr-system' content='tesseract 3.04.00' />
  <meta name='ocr-capabilities' content='ocr_page ocr_carea ocr_par ocr_line ocrx_word'/>
</head>
<body>
  <div class='ocr_page' id='page_1' title='image "./lannaeisenecaeo03senegoog_0068.png"; bbox 0 0 2378 3856; ppageno 0'>
   <div class='ocr_carea' id='block_1_1' title="bbox 228 226 1040 290">
    <p class='ocr_par' dir='ltr' id='par_1_1' title="bbox 228 226 1040 290">
     <span class='ocr_line' id='line_1_1' title="bbox 228 226 1040 290; baseline 0 0"><span class='ocrx_word' id='word_1_1' title='bbox 228 229 330 290; x_wconf 80' lang='lat' dir='ltr'><strong>DIAL.</strong></span> <span class='ocrx_word' id='word_1_2' title='bbox 353 228 404 290; x_wconf 91' lang='lat'><em>111.</em></span> <span class='ocrx_word' id='word_1_3' title='bbox 433 227 483 288; x_wconf 84' lang='lat' dir='ltr'><strong>DE</strong></span> <span class='ocrx_word' id='word_1_4' title='bbox 504 228 572 288; x_wconf 85' lang='lat' dir='ltr'><strong>IRA</strong></span> <span class='ocrx_word' id='word_1_5' title='bbox 593 228 665 287; x_wconf 88' lang='lat' dir='ltr'><strong>LlB.</strong></span> <span class='ocrx_word' id='word_1_6' title='bbox 688 229 710 285; x_wconf 91' lang='grc' dir='ltr'><strong>Ι.</strong></span> <span class='ocrx_word' id='word_1_7' title='bbox 733 235 864 289; x_wconf 76' lang='lat'>18-20.</span> <span class='ocrx_word' id='word_1_8' title='bbox 1000 226 1040 290; x_wconf 82' lang='lat'><strong>51</strong></span> 
     </span>
    </p>
   </div>
   <div class='ocr_carea' id='block_1_2' title="bbox 38 378 1128 3581">
    <p class='ocr_par' dir='ltr' id='par_1_2' title="bbox 38 378 1128 2457">
     <span class='ocr_line' id='line_1_2' title="bbox 59 378 1041 454; baseline 0.001 -15"><span class='ocrx_word' id='word_1_9' title='bbox 59 380 215 439; x_wconf 79' lang='lat' dir='ltr'><strong>avelleret</strong></span> <span class='ocrx_word' id='word_1_10' title='bbox 237 378 335 439; x_wconf 89' lang='lat' dir='ltr'><strong>lemur</strong></span> <span class='ocrx_word' id='word_1_11' title='bbox 349 385 519 453; x_wconf 79' lang='lat' dir='ltr'>pectusque</span> <span class='ocrx_word' id='word_1_12' title='bbox 535 385 716 452; x_wconf 80' lang='lat' dir='ltr'><strong>percuteret</strong></span> <span class='ocrx_word' id='word_1_13' title='bbox 737 384 880 454; x_wconf 87' lang='lat' dir='ltr'><strong>quantam</strong></span> <span class='ocrx_word' id='word_1_14' title='bbox 896 378 970 438; x_wconf 90' lang='lat' dir='ltr'><strong>iram</strong></span> <span class='ocrx_word' id='word_1_15' title='bbox 984 396 1041 454; x_wconf 93' lang='lat' dir='ltr'><strong>pu-</strong></span> 
     </span>
     <span class='ocr_line' id='line_1_3' title="bbox 59 461 1040 538; baseline 0.001 -16"><span class='ocrx_word' id='word_1_16' title='bbox 59 470 123 535; x_wconf 80' lang='lat' dir='ltr'><strong>tee,</strong></span> <span class='ocrx_word' id='word_1_17' title='bbox 140 477 236 538; x_wconf 87' lang='lat' dir='ltr'><strong>quae,</strong></span> <span class='ocrx_word' id='word_1_18' title='bbox 252 463 323 537; x_wconf 91' lang='lat' dir='ltr'><strong>quia</strong></span> <span class='ocrx_word' id='word_1_19' title='bbox 338 462 367 520; x_wconf 93' lang='lat' dir='ltr'><strong>in</strong></span> <span class='ocrx_word' id='word_1_20' title='bbox 382 461 473 521; x_wconf 93' lang='lat' dir='ltr'><strong>alium</strong></span> <span class='ocrx_word' id='word_1_21' title='bbox 488 467 623 522; x_wconf 87' lang='lat' dir='ltr'><strong>nontam</strong></span> <span class='ocrx_word' id='word_1_22' title='bbox 639 461 698 521; x_wconf 89' lang='lat' dir='ltr'><strong>eito</strong></span> <span class='ocrx_word' id='word_1_23' title='bbox 714 478 806 536; x_wconf 90' lang='lat' dir='ltr'><strong>quam</strong></span> <span class='ocrx_word' id='word_1_24' title='bbox 822 463 886 521; x_wconf 90' lang='lat' dir='ltr'><strong>vult</strong></span> <span class='ocrx_word' id='word_1_25' title='bbox 900 464 1040 538; x_wconf 82' lang='lat' dir='ltr'><strong>erumpit,</strong></span> 
     </span>
     <span class='ocr_line' id='line_1_4' title="bbox 58 545 1040 621; baseline 0 -15"><span class='ocrx_word' id='word_1_26' title='bbox 58 547 90 606; x_wconf 92' lang='lat' dir='ltr'><strong>in</strong></span> <span class='ocrx_word' id='word_1_27' title='bbox 112 561 147 605; x_wconf 88' lang='lat' dir='ltr'><strong>se</strong></span> <span class='ocrx_word' id='word_1_28' title='bbox 167 546 348 606; x_wconf 86' lang='lat' dir='ltr'><strong>revertiturt</strong></span> <span class='ocrx_word' id='word_1_29' title='bbox 368 552 508 606; x_wconf 91' lang='lat' dir='ltr'><strong>tenentur</strong></span> <span class='ocrx_word' id='word_1_30' title='bbox 527 545 629 619; x_wconf 87' lang='lat' dir='ltr'><strong>itaque</strong></span> <span class='ocrx_word' id='word_1_31' title='bbox 644 561 662 604; x_wconf 90' lang='lat' dir='ltr'><strong>a</strong></span> <span class='ocrx_word' id='word_1_32' title='bbox 678 546 825 620; x_wconf 85' lang='lat' dir='ltr'><strong>proximis</strong></span> <span class='ocrx_word' id='word_1_33' title='bbox 840 551 871 605; x_wconf 89' lang='lat' dir='ltr'><strong>et</strong></span> <span class='ocrx_word' id='word_1_34' title='bbox 884 553 1040 621; x_wconf 81' lang='lat' dir='ltr'>rogantur,</span> 
     </span>
     <span class='ocr_line' id='line_1_5' title="bbox 59 626 1069 704; baseline 0.002 -14"><span class='ocrx_word' id='word_1_35' title='bbox 59 637 92 690; x_wconf 92' lang='lat' dir='ltr'><strong>ut</strong></span> <span class='ocrx_word' id='word_1_36' title='bbox 113 630 173 704; x_wconf 93' lang='lat' dir='ltr'><strong>ipsi</strong></span> <span class='ocrx_word' id='word_1_37' title='bbox 195 629 253 689; x_wconf 88' lang='lat' dir='ltr'>sibi</span> <span class='ocrx_word' id='word_1_38' title='bbox 276 631 443 704; x_wconf 79' lang='lat' dir='ltr'><strong>placentur.</strong></span> <span class='ocrx_word' id='word_1_39' title='bbox 472 643 607 704; x_wconf 67' lang='lat' dir='ltr'><strong>quorum,</strong></span> <span class='ocrx_word' id='word_1_40' title='bbox 622 626 665 688; x_wconf 89' lang='lat' dir='ltr'><strong>nil</strong></span> <span class='ocrx_word' id='word_1_41' title='bbox 680 629 751 688; x_wconf 86' lang='lat' dir='ltr'><strong>iaeil</strong></span> <span class='ocrx_word' id='word_1_42' title='bbox 767 627 908 704; x_wconf 90' lang='lat' dir='ltr'><strong>quisquis</strong></span> <span class='ocrx_word' id='word_1_43' title='bbox 924 639 1069 697; x_wconf 74' lang='lat' dir='ltr'><strong>vacuuss</strong></span> 
     </span>
     <span class='ocr_line' id='line_1_6' title="bbox 58 711 1040 789; baseline 0.004 -17"><span class='ocrx_word' id='word_1_44' title='bbox 58 715 105 772; x_wconf 88' lang='lat' dir='ltr'><strong>ira</strong></span> <span class='ocrx_word' id='word_1_45' title='bbox 125 713 260 788; x_wconf 83' lang='lat' dir='ltr'><strong>meritam</strong></span> <span class='ocrx_word' id='word_1_46' title='bbox 275 711 386 789; x_wconf 84' lang='lat' dir='ltr'><strong>cuique</strong></span> <span class='ocrx_word' id='word_1_47' title='bbox 401 727 533 788; x_wconf 87' lang='lat' dir='ltr'><strong>poenam</strong></span> <span class='ocrx_word' id='word_1_48' title='bbox 548 712 684 786; x_wconf 82' lang='lat' dir='ltr'><strong>iniungit.</strong></span> <span class='ocrx_word' id='word_1_49' title='bbox 712 712 836 773; x_wconf 76' lang='lat' dir='ltr'><strong>Dimittit</strong></span> <span class='ocrx_word' id='word_1_50' title='bbox 851 728 946 788; x_wconf 81' lang='lat' dir='ltr'>saepe</span> <span class='ocrx_word' id='word_1_51' title='bbox 960 729 1040 788; x_wconf 88' lang='lat' dir='ltr'><strong>eum,</strong></span> 
     </span>
     <span class='ocr_line' id='line_1_7' title="bbox 59 795 1040 871; baseline 0.001 -15"><span class='ocrx_word' id='word_1_52' title='bbox 59 797 148 857; x_wconf 87' lang='lat' dir='ltr'><strong>euius</strong></span> <span class='ocrx_word' id='word_1_53' title='bbox 169 803 327 870; x_wconf 82' lang='lat' dir='ltr'><strong>peceatum</strong></span> <span class='ocrx_word' id='word_1_54' title='bbox 348 795 523 870; x_wconf 90' lang='lat' dir='ltr'><strong>deprendit,</strong></span> <span class='ocrx_word' id='word_1_55' title='bbox 548 795 575 855; x_wconf 91' lang='lat' dir='ltr'><strong>si</strong></span> <span class='ocrx_word' id='word_1_56' title='bbox 597 796 783 871; x_wconf 88' lang='lat' dir='ltr'><strong>poenitentia</strong></span> <span class='ocrx_word' id='word_1_57' title='bbox 798 796 868 856; x_wconf 86' lang='lat' dir='ltr'><strong>laeti</strong></span> <span class='ocrx_word' id='word_1_58' title='bbox 883 812 972 871; x_wconf 91' lang='lat' dir='ltr'><strong>spem</strong></span> <span class='ocrx_word' id='word_1_59' title='bbox 985 798 1040 857; x_wconf 92' lang='lat' dir='ltr'><strong>bo·</strong></span> 
     </span>
     <span class='ocr_line' id='line_1_8' title="bbox 58 878 1039 955; baseline 0 -16"><span class='ocrx_word' id='word_1_60' title='bbox 58 896 129 939; x_wconf 87' lang='lat' dir='ltr'><strong>nam</strong></span> <span class='ocrx_word' id='word_1_61' title='bbox 145 881 318 955; x_wconf 83' lang='lat' dir='ltr'><strong>pollicetur,</strong></span> <span class='ocrx_word' id='word_1_62' title='bbox 340 880 366 940; x_wconf 93' lang='lat' dir='ltr'><strong>si</strong></span> <span class='ocrx_word' id='word_1_63' title='bbox 381 880 525 954; x_wconf 78' lang='lat' dir='ltr'><strong>intellegit</strong></span> <span class='ocrx_word' id='word_1_64' title='bbox 539 895 600 939; x_wconf 92' lang='lat' dir='ltr'><strong>non</strong></span> <span class='ocrx_word' id='word_1_65' title='bbox 616 895 654 940; x_wconf 91' lang='lat' dir='ltr'><strong>ex</strong></span> <span class='ocrx_word' id='word_1_66' title='bbox 669 881 729 940; x_wconf 86' lang='lat' dir='ltr'><strong>alto</strong></span> <span class='ocrx_word' id='word_1_67' title='bbox 746 884 848 940; x_wconf 87' lang='lat' dir='ltr'><strong>venire</strong></span> <span class='ocrx_word' id='word_1_68' title='bbox 863 878 1039 955; x_wconf 91' lang='lat' dir='ltr'><strong>nequitiam,</strong></span> 
     </span>
     <span class='ocr_line' id='line_1_9' title="bbox 58 962 1041 1040; baseline -0.001 -16"><span class='ocrx_word' id='word_1_69' title='bbox 58 964 117 1024; x_wconf 90' lang='lat' dir='ltr'><strong>sed</strong></span> <span class='ocrx_word' id='word_1_70' title='bbox 132 974 265 1036; x_wconf 86' lang='lat' dir='ltr'><strong>summo,</strong></span> <span class='ocrx_word' id='word_1_71' title='bbox 287 965 370 1040; x_wconf 91' lang='lat' dir='ltr'><strong>quud</strong></span> <span class='ocrx_word' id='word_1_72' title='bbox 386 964 484 1035; x_wconf 92' lang='lat' dir='ltr'><strong>aiunt,</strong></span> <span class='ocrx_word' id='word_1_73' title='bbox 507 962 607 1024; x_wconf 87' lang='lat' dir='ltr'><strong>animo</strong></span> <span class='ocrx_word' id='word_1_74' title='bbox 623 963 793 1024; x_wconf 88' lang='lat' dir='ltr'><strong>inhaerere.</strong></span> <span class='ocrx_word' id='word_1_75' title='bbox 822 963 906 1024; x_wconf 89' lang='lat' dir='ltr'><strong>dabit</strong></span> <span class='ocrx_word' id='word_1_76' title='bbox 920 965 1041 1039; x_wconf 92' lang='lat' dir='ltr'><strong>inpuni-</strong></span> 
     </span>
     <span class='ocr_line' id='line_1_10' title="bbox 59 1044 1068 1122; baseline -0.001 -14"><span class='ocrx_word' id='word_1_77' title='bbox 59 1053 150 1108; x_wconf 88' lang='lat' dir='ltr'><strong>tatem</strong></span> <span class='ocrx_word' id='word_1_78' title='bbox 161 1044 218 1106; x_wconf 86' lang='lat' dir='ltr'><strong>nee</strong></span> <span class='ocrx_word' id='word_1_79' title='bbox 229 1045 450 1122; x_wconf 84' lang='lat' dir='ltr'><strong>accipientibus</strong></span> <span class='ocrx_word' id='word_1_80' title='bbox 461 1047 630 1108; x_wconf 83' lang='lat' dir='ltr'><strong>nocituram</strong></span> <span class='ocrx_word' id='word_1_81' title='bbox 642 1059 699 1107; x_wconf 84' lang='lat' dir='ltr'><strong>nee</strong></span> <span class='ocrx_word' id='word_1_82' title='bbox 711 1046 864 1108; x_wconf 90' lang='lat' dir='ltr'><strong>dantibus.</strong></span> <span class='ocrx_word' id='word_1_83' title='bbox 885 1048 1068 1108; x_wconf 82' lang='lat' dir='ltr'><strong>Nondum-6</strong></span> 
     </span>
     <span class='ocr_line' id='line_1_11' title="bbox 59 1131 1039 1207; baseline 0 -17"><span class='ocrx_word' id='word_1_84' title='bbox 59 1146 151 1206; x_wconf 88' lang='lat' dir='ltr'><strong>quam</strong></span> <span class='ocrx_word' id='word_1_85' title='bbox 170 1141 281 1205; x_wconf 76' lang='lat' dir='ltr'><strong>magna</strong></span> <span class='ocrx_word' id='word_1_86' title='bbox 303 1132 421 1190; x_wconf 88' lang='lat' dir='ltr'><strong>seelera</strong></span> <span class='ocrx_word' id='word_1_87' title='bbox 441 1131 540 1190; x_wconf 90' lang='lat' dir='ltr'><strong>levius</strong></span> <span class='ocrx_word' id='word_1_88' title='bbox 563 1147 654 1207; x_wconf 93' lang='lat' dir='ltr'><strong>quam</strong></span> <span class='ocrx_word' id='word_1_89' title='bbox 673 1132 792 1191; x_wconf 90' lang='lat' dir='ltr'><strong>minora</strong></span> <span class='ocrx_word' id='word_1_90' title='bbox 807 1137 990 1205; x_wconf 82' lang='lat' dir='ltr'><strong>conpeseet,</strong></span> <span class='ocrx_word' id='word_1_91' title='bbox 1012 1133 1039 1190; x_wconf 92' lang='lat' dir='ltr'><strong>si</strong></span> 
     </span>
     <span class='ocr_line' id='line_1_12' title="bbox 58 1214 1037 1288; baseline 0.002 -16"><span class='ocrx_word' id='word_1_92' title='bbox 58 1215 110 1273; x_wconf 92' lang='lat' dir='ltr'><strong>illa</strong></span> <span class='ocrx_word' id='word_1_93' title='bbox 125 1215 231 1288; x_wconf 86' lang='lat' dir='ltr'><strong>lapsu,</strong></span> <span class='ocrx_word' id='word_1_94' title='bbox 253 1230 314 1273; x_wconf 92' lang='lat' dir='ltr'><strong>non</strong></span> <span class='ocrx_word' id='word_1_95' title='bbox 335 1215 512 1274; x_wconf 87' lang='lat' dir='ltr'><strong>crudelitate</strong></span> <span class='ocrx_word' id='word_1_96' title='bbox 538 1214 702 1274; x_wconf 85' lang='lat' dir='ltr'><strong>commissa</strong></span> <span class='ocrx_word' id='word_1_97' title='bbox 722 1220 809 1286; x_wconf 91' lang='lat' dir='ltr'><strong>sunl,</strong></span> <span class='ocrx_word' id='word_1_98' title='bbox 830 1214 878 1272; x_wconf 89' lang='lat' dir='ltr'><strong>his</strong></span> <span class='ocrx_word' id='word_1_99' title='bbox 900 1215 980 1273; x_wconf 90' lang='lat' dir='ltr'><strong>inest</strong></span> <span class='ocrx_word' id='word_1_100' title='bbox 995 1217 1037 1274; x_wconf 86' lang='lat' dir='ltr'><strong>la-</strong></span> 
     </span>
     <span class='ocr_line' id='line_1_13' title="bbox 58 1296 1039 1373; baseline 0 -17"><span class='ocrx_word' id='word_1_101' title='bbox 58 1305 126 1357; x_wconf 92' lang='lat' dir='ltr'><strong>tens</strong></span> <span class='ocrx_word' id='word_1_102' title='bbox 147 1306 177 1358; x_wconf 92' lang='lat' dir='ltr'><strong>et</strong></span> <span class='ocrx_word' id='word_1_103' title='bbox 198 1305 306 1373; x_wconf 86' lang='lat' dir='ltr'><strong>operta</strong></span> <span class='ocrx_word' id='word_1_104' title='bbox 321 1305 352 1357; x_wconf 91' lang='lat' dir='ltr'><strong>et</strong></span> <span class='ocrx_word' id='word_1_105' title='bbox 371 1298 540 1357; x_wconf 89' lang='lat' dir='ltr'><strong>inveterata</strong></span> <span class='ocrx_word' id='word_1_106' title='bbox 554 1296 712 1356; x_wconf 84' lang='lat' dir='ltr'><strong>calliditas.</strong></span> <span class='ocrx_word' id='word_1_107' title='bbox 740 1297 825 1355; x_wconf 87' lang='lat' dir='ltr'><strong>Idem</strong></span> <span class='ocrx_word' id='word_1_108' title='bbox 846 1297 988 1356; x_wconf 83' lang='lat' dir='ltr'><strong>delictum</strong></span> <span class='ocrx_word' id='word_1_109' title='bbox 1009 1297 1039 1356; x_wconf 92' lang='lat' dir='ltr'><strong>in</strong></span> 
     </span>
     <span class='ocr_line' id='line_1_14' title="bbox 58 1377 1039 1454; baseline 0 -14"><span class='ocrx_word' id='word_1_110' title='bbox 58 1380 179 1441; x_wconf 88' lang='lat' dir='ltr'><strong>duobus</strong></span> <span class='ocrx_word' id='word_1_111' title='bbox 200 1398 263 1441; x_wconf 86' lang='lat' dir='ltr'><strong>non</strong></span> <span class='ocrx_word' id='word_1_112' title='bbox 285 1381 392 1440; x_wconf 86' lang='lat' dir='ltr'><strong>eodem</strong></span> <span class='ocrx_word' id='word_1_113' title='bbox 416 1381 495 1439; x_wconf 89' lang='lat' dir='ltr'><strong>malo</strong></span> <span class='ocrx_word' id='word_1_114' title='bbox 517 1379 652 1453; x_wconf 86' lang='lat' dir='ltr'><strong>adiiciet,</strong></span> <span class='ocrx_word' id='word_1_115' title='bbox 674 1377 701 1439; x_wconf 92' lang='lat' dir='ltr'><strong>si</strong></span> <span class='ocrx_word' id='word_1_116' title='bbox 716 1380 792 1439; x_wconf 86' lang='lat' dir='ltr'><strong>alter</strong></span> <span class='ocrx_word' id='word_1_117' title='bbox 807 1395 862 1454; x_wconf 89' lang='lat' dir='ltr'><strong>per</strong></span> <span class='ocrx_word' id='word_1_118' title='bbox 877 1379 1039 1454; x_wconf 82' lang='lat' dir='ltr'><strong>neglegen-</strong></span> 
     </span>
     <span class='ocr_line' id='line_1_15' title="bbox 58 1463 1067 1538; baseline 0 -15"><span class='ocrx_word' id='word_1_119' title='bbox 58 1465 129 1524; x_wconf 84' lang='lat' dir='ltr'><strong>tiam</strong></span> <span class='ocrx_word' id='word_1_120' title='bbox 144 1464 281 1534; x_wconf 85' lang='lat' dir='ltr'><strong>admisit,</strong></span> <span class='ocrx_word' id='word_1_121' title='bbox 303 1465 378 1522; x_wconf 88' lang='lat' dir='ltr'><strong>alter</strong></span> <span class='ocrx_word' id='word_1_122' title='bbox 393 1463 510 1523; x_wconf 83' lang='lat' dir='ltr'><strong>curavit</strong></span> <span class='ocrx_word' id='word_1_123' title='bbox 523 1469 557 1522; x_wconf 93' lang='lat' dir='ltr'><strong>ut</strong></span> <span class='ocrx_word' id='word_1_124' title='bbox 575 1478 691 1522; x_wconf 83' lang='lat' dir='ltr'><strong>nocens</strong></span> <span class='ocrx_word' id='word_1_125' title='bbox 706 1470 799 1524; x_wconf 91' lang='lat' dir='ltr'><strong>esset.</strong></span> <span class='ocrx_word' id='word_1_126' title='bbox 828 1465 896 1523; x_wconf 86' lang='lat' dir='ltr'><strong>Hoe</strong></span> <span class='ocrx_word' id='word_1_127' title='bbox 917 1475 1067 1538; x_wconf 86' lang='lat' dir='ltr'><strong>semper7</strong></span> 
     </span>
     <span class='ocr_line' id='line_1_16' title="bbox 38 1545 1040 1621; baseline 0.001 -15"><span class='ocrx_word' id='word_1_128' title='bbox 38 1548 89 1617; x_wconf 88' lang='lat' dir='ltr'><strong>in</strong></span> <span class='ocrx_word' id='word_1_129' title='bbox 111 1546 193 1606; x_wconf 90' lang='lat' dir='ltr'><strong>omni</strong></span> <span class='ocrx_word' id='word_1_130' title='bbox 215 1547 480 1607; x_wconf 85' lang='lat' dir='ltr'><strong>animadversione</strong></span> <span class='ocrx_word' id='word_1_131' title='bbox 501 1545 648 1621; x_wconf 85' lang='lat' dir='ltr'><strong>servabit,</strong></span> <span class='ocrx_word' id='word_1_132' title='bbox 668 1555 702 1608; x_wconf 92' lang='lat' dir='ltr'><strong>ut</strong></span> <span class='ocrx_word' id='word_1_133' title='bbox 721 1548 798 1607; x_wconf 85' lang='lat' dir='ltr'><strong>sciat</strong></span> <span class='ocrx_word' id='word_1_134' title='bbox 811 1549 938 1608; x_wconf 87' lang='lat' dir='ltr'><strong>alteram</strong></span> <span class='ocrx_word' id='word_1_135' title='bbox 955 1548 1040 1607; x_wconf 89' lang='lat' dir='ltr'><strong>adhi-</strong></span> 
     </span>
     <span class='ocr_line' id='line_1_17' title="bbox 55 1630 1040 1707; baseline 0.002 -17"><span class='ocrx_word' id='word_1_136' title='bbox 55 1630 140 1704; x_wconf 85' lang='lat' dir='ltr'><strong>beri,</strong></span> <span class='ocrx_word' id='word_1_137' title='bbox 161 1636 194 1690; x_wconf 93' lang='lat' dir='ltr'><strong>ut</strong></span> <span class='ocrx_word' id='word_1_138' title='bbox 213 1630 353 1690; x_wconf 89' lang='lat' dir='ltr'><strong>emendet</strong></span> <span class='ocrx_word' id='word_1_139' title='bbox 374 1630 486 1704; x_wconf 76' lang='lat' dir='ltr'><strong>mal0S,</strong></span> <span class='ocrx_word' id='word_1_140' title='bbox 509 1632 648 1703; x_wconf 89' lang='lat' dir='ltr'><strong>alteram,</strong></span> <span class='ocrx_word' id='word_1_141' title='bbox 670 1637 703 1690; x_wconf 93' lang='lat' dir='ltr'><strong>ut</strong></span> <span class='ocrx_word' id='word_1_142' title='bbox 723 1633 816 1693; x_wconf 91' lang='lat' dir='ltr'><strong>tollat.</strong></span> <span class='ocrx_word' id='word_1_143' title='bbox 856 1631 886 1691; x_wconf 90' lang='lat' dir='ltr'><strong>in</strong></span> <span class='ocrx_word' id='word_1_144' title='bbox 908 1635 1040 1707; x_wconf 85' lang='lat' dir='ltr'><strong>utroque</strong></span> 
     </span>
     <span class='ocr_line' id='line_1_18' title="bbox 58 1714 1038 1789; baseline 0.001 -16"><span class='ocrx_word' id='word_1_145' title='bbox 58 1731 120 1773; x_wconf 89' lang='lat' dir='ltr'><strong>non</strong></span> <span class='ocrx_word' id='word_1_146' title='bbox 143 1715 317 1789; x_wconf 88' lang='lat' dir='ltr'><strong>praeterita,</strong></span> <span class='ocrx_word' id='word_1_147' title='bbox 340 1715 396 1774; x_wconf 86' lang='lat' dir='ltr'><strong>sed</strong></span> <span class='ocrx_word' id='word_1_148' title='bbox 413 1715 513 1774; x_wconf 88' lang='lat' dir='ltr'><strong>lutura</strong></span> <span class='ocrx_word' id='word_1_149' title='bbox 526 1714 698 1775; x_wconf 87' lang='lat' dir='ltr'><strong>intuebitur.</strong></span> <span class='ocrx_word' id='word_1_150' title='bbox 728 1731 814 1788; x_wconf 91' lang='lat' dir='ltr'><strong>nam,</strong></span> <span class='ocrx_word' id='word_1_151' title='bbox 837 1721 871 1774; x_wconf 92' lang='lat' dir='ltr'><strong>ul</strong></span> <span class='ocrx_word' id='word_1_152' title='bbox 889 1714 974 1774; x_wconf 87' lang='lat' dir='ltr'><strong>Plato</strong></span> <span class='ocrx_word' id='word_1_153' title='bbox 990 1716 1038 1788; x_wconf 92' lang='lat' dir='ltr'><strong>ait,</strong></span> 
     </span>
     <span class='ocr_line' id='line_1_19' title="bbox 56 1799 1128 1874; baseline 0 -16"><span class='ocrx_word' id='word_1_154' title='bbox 56 1815 141 1858; x_wconf 84' lang='lat' dir='ltr'><strong>nemo</strong></span> <span class='ocrx_word' id='word_1_155' title='bbox 155 1799 292 1873; x_wconf 84' lang='lat' dir='ltr'><strong>prudens</strong></span> <span class='ocrx_word' id='word_1_156' title='bbox 306 1801 412 1874; x_wconf 81' lang='lat' dir='ltr'><strong>punit,</strong></span> <span class='ocrx_word' id='word_1_157' title='bbox 429 1801 500 1873; x_wconf 78' lang='lat' dir='ltr'><strong>quia</strong></span> <span class='ocrx_word' id='word_1_158' title='bbox 515 1804 673 1874; x_wconf 81' lang='lat' dir='ltr'><strong>peecatum</strong></span> <span class='ocrx_word' id='word_1_159' title='bbox 692 1806 748 1872; x_wconf 84' lang='lat' dir='ltr'><strong>est,</strong></span> <span class='ocrx_word' id='word_1_160' title='bbox 769 1799 824 1859; x_wconf 82' lang='lat' dir='ltr'><strong>sed</strong></span> <span class='ocrx_word' id='word_1_161' title='bbox 835 1816 872 1859; x_wconf 85' lang='lat' dir='ltr'><strong>ne</strong></span> <span class='ocrx_word' id='word_1_162' title='bbox 889 1803 1039 1873; x_wconf 80' lang='lat' dir='ltr'><strong>peccetur.</strong></span> <span class='ocrx_word' id='word_1_163' title='bbox 1126 1821 1128 1824; x_wconf 60' lang='grc'>’</span> 
     </span>
     <span class='ocr_line' id='line_1_20' title="bbox 56 1882 1038 1957; baseline -0.001 -16"><span class='ocrx_word' id='word_1_164' title='bbox 56 1886 194 1942; x_wconf 82' lang='lat' dir='ltr'><strong>revocari</strong></span> <span class='ocrx_word' id='word_1_165' title='bbox 212 1885 290 1943; x_wconf 81' lang='lat' dir='ltr'><strong>enim</strong></span> <span class='ocrx_word' id='word_1_166' title='bbox 304 1886 473 1957; x_wconf 76' lang='lat' dir='ltr'><strong>praeterita</strong></span> <span class='ocrx_word' id='word_1_167' title='bbox 492 1898 550 1942; x_wconf 82' lang='lat' dir='ltr'><strong>nen</strong></span> <span class='ocrx_word' id='word_1_168' title='bbox 561 1888 697 1957; x_wconf 84' lang='lat' dir='ltr'><strong>possunt,</strong></span> <span class='ocrx_word' id='word_1_169' title='bbox 711 1882 820 1955; x_wconf 81' lang='lat' dir='ltr'><strong>futura</strong></span> <span class='ocrx_word' id='word_1_170' title='bbox 833 1883 1038 1956; x_wconf 70' lang='lat' dir='ltr'><strong>protelentur.</strong></span> 
     </span>
     <span class='ocr_line' id='line_1_21' title="bbox 58 1964 1040 2041; baseline 0.001 -17"><span class='ocrx_word' id='word_1_171' title='bbox 58 1971 89 2024; x_wconf 90' lang='lat' dir='ltr'><strong>el</strong></span> <span class='ocrx_word' id='word_1_172' title='bbox 110 1982 188 2039; x_wconf 88' lang='lat' dir='ltr'><strong>quus</strong></span> <span class='ocrx_word' id='word_1_173' title='bbox 211 1968 292 2026; x_wconf 86' lang='lat' dir='ltr'><strong>volet</strong></span> <span class='ocrx_word' id='word_1_174' title='bbox 311 1964 465 2041; x_wconf 87' lang='lat' dir='ltr'><strong>nequitiae</strong></span> <span class='ocrx_word' id='word_1_175' title='bbox 479 1967 558 2024; x_wconf 83' lang='lat' dir='ltr'><strong>male</strong></span> <span class='ocrx_word' id='word_1_176' title='bbox 574 1966 711 2026; x_wconf 85' lang='lat' dir='ltr'><strong>cedentis</strong></span> <span class='ocrx_word' id='word_1_177' title='bbox 726 1966 868 2040; x_wconf 88' lang='lat' dir='ltr'><strong>exempla</strong></span> <span class='ocrx_word' id='word_1_178' title='bbox 884 1966 964 2039; x_wconf 87' lang='lat' dir='ltr'><strong>lieri,</strong></span> <span class='ocrx_word' id='word_1_179' title='bbox 987 1983 1040 2041; x_wconf 90' lang='lat' dir='ltr'><strong>pa·</strong></span> 
     </span>
     <span class='ocr_line' id='line_1_22' title="bbox 57 2047 1040 2125; baseline 0.001 -18"><span class='ocrx_word' id='word_1_180' title='bbox 57 2049 118 2107; x_wconf 91' lang='lat' dir='ltr'><strong>lam</strong></span> <span class='ocrx_word' id='word_1_181' title='bbox 132 2049 259 2123; x_wconf 87' lang='lat' dir='ltr'><strong>oueidet,</strong></span> <span class='ocrx_word' id='word_1_182' title='bbox 275 2066 336 2109; x_wconf 87' lang='lat' dir='ltr'><strong>non</strong></span> <span class='ocrx_word' id='word_1_183' title='bbox 351 2056 466 2118; x_wconf 87' lang='lat' dir='ltr'><strong>tantum</strong></span> <span class='ocrx_word' id='word_1_184' title='bbox 482 2055 515 2109; x_wconf 91' lang='lat' dir='ltr'><strong>ut</strong></span> <span class='ocrx_word' id='word_1_185' title='bbox 529 2056 655 2123; x_wconf 89' lang='lat' dir='ltr'><strong>pereant</strong></span> <span class='ocrx_word' id='word_1_186' title='bbox 669 2050 743 2125; x_wconf 89' lang='lat' dir='ltr'><strong>ipsi,</strong></span> <span class='ocrx_word' id='word_1_187' title='bbox 760 2051 817 2109; x_wconf 91' lang='lat' dir='ltr'><strong>sed</strong></span> <span class='ocrx_word' id='word_1_188' title='bbox 832 2056 864 2109; x_wconf 90' lang='lat' dir='ltr'><strong>ut</strong></span> <span class='ocrx_word' id='word_1_189' title='bbox 878 2047 955 2109; x_wconf 92' lang='lat' dir='ltr'><strong>alios</strong></span> <span class='ocrx_word' id='word_1_190' title='bbox 971 2065 1040 2124; x_wconf 91' lang='lat' dir='ltr'><strong>per-</strong></span> 
     </span>
     <span class='ocr_line' id='line_1_23' title="bbox 56 2132 1070 2207; baseline 0.002 -17"><span class='ocrx_word' id='word_1_191' title='bbox 56 2133 159 2191; x_wconf 90' lang='lat' dir='ltr'><strong>eundo</strong></span> <span class='ocrx_word' id='word_1_192' title='bbox 181 2133 361 2192; x_wconf 88' lang='lat' dir='ltr'><strong>deterreant.</strong></span> <span class='ocrx_word' id='word_1_193' title='bbox 393 2133 477 2192; x_wconf 91' lang='lat' dir='ltr'><strong>Haee</strong></span> <span class='ocrx_word' id='word_1_194' title='bbox 498 2132 545 2192; x_wconf 87' lang='lat' dir='ltr'><strong>eui</strong></span> <span class='ocrx_word' id='word_1_195' title='bbox 566 2133 771 2207; x_wconf 87' lang='lat' dir='ltr'><strong>expendenda</strong></span> <span class='ocrx_word' id='word_1_196' title='bbox 786 2133 1070 2207; x_wconf 73' lang='lat' dir='ltr'><strong>aestimandaquee</strong></span> 
     </span>
     <span class='ocr_line' id='line_1_24' title="bbox 56 2215 1040 2290; baseline -0.001 -15"><span class='ocrx_word' id='word_1_197' title='bbox 56 2221 143 2287; x_wconf 91' lang='lat' dir='ltr'><strong>sunt,</strong></span> <span class='ocrx_word' id='word_1_198' title='bbox 162 2215 250 2274; x_wconf 86' lang='lat' dir='ltr'><strong>vides</strong></span> <span class='ocrx_word' id='word_1_199' title='bbox 274 2231 364 2289; x_wconf 86' lang='lat' dir='ltr'><strong>quam</strong></span> <span class='ocrx_word' id='word_1_200' title='bbox 388 2216 498 2275; x_wconf 87' lang='lat' dir='ltr'><strong>debeat</strong></span> <span class='ocrx_word' id='word_1_201' title='bbox 519 2215 600 2274; x_wconf 89' lang='lat' dir='ltr'><strong>omni</strong></span> <span class='ocrx_word' id='word_1_202' title='bbox 614 2216 843 2290; x_wconf 79' lang='lat' dir='ltr'><strong>perturbatione</strong></span> <span class='ocrx_word' id='word_1_203' title='bbox 859 2215 936 2274; x_wconf 89' lang='lat' dir='ltr'><strong>liber</strong></span> <span class='ocrx_word' id='word_1_204' title='bbox 953 2231 1040 2274; x_wconf 86' lang='lat' dir='ltr'><strong>aece-</strong></span> 
     </span>
     <span class='ocr_line' id='line_1_25' title="bbox 56 2298 1039 2372; baseline 0 -14"><span class='ocrx_word' id='word_1_205' title='bbox 56 2300 131 2358; x_wconf 85' lang='lat' dir='ltr'><strong>dere</strong></span> <span class='ocrx_word' id='word_1_206' title='bbox 154 2298 195 2357; x_wconf 91' lang='lat' dir='ltr'><strong>ad</strong></span> <span class='ocrx_word' id='word_1_207' title='bbox 214 2313 280 2357; x_wconf 90' lang='lat' dir='ltr'><strong>rem</strong></span> <span class='ocrx_word' id='word_1_208' title='bbox 303 2314 420 2358; x_wconf 85' lang='lat' dir='ltr'><strong>summa</strong></span> <span class='ocrx_word' id='word_1_209' title='bbox 441 2298 596 2372; x_wconf 84' lang='lat' dir='ltr'><strong>diligentia</strong></span> <span class='ocrx_word' id='word_1_210' title='bbox 621 2299 825 2371; x_wconf 74' lang='lat' dir='ltr'><strong>tractandam,</strong></span> <span class='ocrx_word' id='word_1_211' title='bbox 856 2305 1039 2372; x_wconf 88' lang='lat' dir='ltr'><strong>potestatem</strong></span> 
     </span>
     <span class='ocr_line' id='line_1_26' title="bbox 55 2380 846 2457; baseline -0.003 -17"><span class='ocrx_word' id='word_1_212' title='bbox 55 2381 137 2442; x_wconf 86' lang='lat' dir='ltr'><strong>vitae</strong></span> <span class='ocrx_word' id='word_1_213' title='bbox 152 2382 309 2457; x_wconf 79' lang='lat' dir='ltr'><strong>necisque.</strong></span> <span class='ocrx_word' id='word_1_214' title='bbox 331 2381 410 2440; x_wconf 90' lang='lat' dir='ltr'><strong>Male</strong></span> <span class='ocrx_word' id='word_1_215' title='bbox 425 2382 501 2440; x_wconf 86' lang='lat' dir='ltr'><strong>irato</strong></span> <span class='ocrx_word' id='word_1_216' title='bbox 517 2382 629 2440; x_wconf 85' lang='lat' dir='ltr'><strong>serrum</strong></span> <span class='ocrx_word' id='word_1_217' title='bbox 644 2380 846 2441; x_wconf 90' lang='lat' dir='ltr'><strong>eommittilur.</strong></span> 
     </span>
    </p>

    <p class='ocr_par' dir='ltr' id='par_1_3' title="bbox 55 2464 1068 3581">
     <span class='ocr_line' id='line_1_27' title="bbox 119 2464 1066 2540; baseline 0 -16"><span class='ocrx_word' id='word_1_218' title='bbox 119 2467 182 2524; x_wconf 88' lang='lat' dir='ltr'><strong>XX.</strong></span> <span class='ocrx_word' id='word_1_219' title='bbox 205 2466 249 2523; x_wconf 90' lang='lat' dir='ltr'><strong>Ne</strong></span> <span class='ocrx_word' id='word_1_220' title='bbox 264 2466 338 2525; x_wconf 95' lang='lat' dir='ltr'><strong>illud</strong></span> <span class='ocrx_word' id='word_1_221' title='bbox 357 2465 479 2540; x_wconf 92' lang='lat' dir='ltr'><strong>quidem</strong></span> <span class='ocrx_word' id='word_1_222' title='bbox 496 2464 690 2524; x_wconf 83' lang='lat' dir='ltr'><strong>iudicandum</strong></span> <span class='ocrx_word' id='word_1_223' title='bbox 704 2471 759 2539; x_wconf 92' lang='lat' dir='ltr'><strong>est,</strong></span> <span class='ocrx_word' id='word_1_224' title='bbox 777 2465 892 2540; x_wconf 92' lang='lat' dir='ltr'><strong>aliquid</strong></span> <span class='ocrx_word' id='word_1_225' title='bbox 909 2465 985 2525; x_wconf 89' lang='lat' dir='ltr'><strong>iram</strong></span> <span class='ocrx_word' id='word_1_226' title='bbox 1000 2465 1066 2532; x_wconf 89' lang='lat' dir='ltr'><strong>ad1</strong></span> 
     </span>
     <span class='ocr_line' id='line_1_28' title="bbox 57 2549 1039 2624; baseline 0 -16"><span class='ocrx_word' id='word_1_227' title='bbox 57 2549 296 2624; x_wconf 84' lang='lat' dir='ltr'><strong>magnitudinem</strong></span> <span class='ocrx_word' id='word_1_228' title='bbox 318 2549 408 2608; x_wconf 86' lang='lat' dir='ltr'><strong>animi</strong></span> <span class='ocrx_word' id='word_1_229' title='bbox 431 2549 580 2607; x_wconf 82' lang='lat' dir='ltr'><strong>conferre.</strong></span> <span class='ocrx_word' id='word_1_230' title='bbox 607 2565 666 2608; x_wconf 90' lang='lat' dir='ltr'><strong>non</strong></span> <span class='ocrx_word' id='word_1_231' title='bbox 690 2556 737 2608; x_wconf 89' lang='lat' dir='ltr'><strong>est</strong></span> <span class='ocrx_word' id='word_1_232' title='bbox 755 2549 835 2608; x_wconf 89' lang='lat' dir='ltr'><strong>enirn</strong></span> <span class='ocrx_word' id='word_1_233' title='bbox 856 2549 907 2608; x_wconf 90' lang='lat' dir='ltr'><strong>illa</strong></span> <span class='ocrx_word' id='word_1_234' title='bbox 924 2549 1039 2624; x_wconf 84' lang='lat' dir='ltr'><strong>magni·</strong></span> 
     </span>
     <span class='ocr_line' id='line_1_29' title="bbox 56 2631 1038 2708; baseline -0.001 -16"><span class='ocrx_word' id='word_1_235' title='bbox 56 2634 146 2706; x_wconf 89' lang='lat' dir='ltr'><strong>tudo,</strong></span> <span class='ocrx_word' id='word_1_236' title='bbox 167 2640 268 2694; x_wconf 87' lang='lat' dir='ltr'><strong>tumor</strong></span> <span class='ocrx_word' id='word_1_237' title='bbox 288 2640 345 2692; x_wconf 90' lang='lat' dir='ltr'><strong>est.</strong></span> <span class='ocrx_word' id='word_1_238' title='bbox 379 2647 436 2691; x_wconf 88' lang='lat' dir='ltr'><strong>nee</strong></span> <span class='ocrx_word' id='word_1_239' title='bbox 457 2631 639 2707; x_wconf 85' lang='lat' dir='ltr'><strong>corporibus</strong></span> <span class='ocrx_word' id='word_1_240' title='bbox 666 2632 756 2708; x_wconf 85' lang='lat' dir='ltr'><strong>eopia</strong></span> <span class='ocrx_word' id='word_1_241' title='bbox 779 2631 881 2693; x_wconf 90' lang='lat' dir='ltr'><strong>vitiosi</strong></span> <span class='ocrx_word' id='word_1_242' title='bbox 901 2631 1038 2694; x_wconf 89' lang='lat' dir='ltr'><strong>humoris</strong></span> 
     </span>
     <span class='ocr_line' id='line_1_30' title="bbox 56 2717 1039 2792; baseline 0 -16"><span class='ocrx_word' id='word_1_243' title='bbox 56 2717 179 2776; x_wconf 92' lang='lat' dir='ltr'><strong>intentis</strong></span> <span class='ocrx_word' id='word_1_244' title='bbox 195 2717 319 2777; x_wconf 86' lang='lat' dir='ltr'><strong>morbus</strong></span> <span class='ocrx_word' id='word_1_245' title='bbox 335 2717 553 2776; x_wconf 82' lang='lat' dir='ltr'><strong>incrementum</strong></span> <span class='ocrx_word' id='word_1_246' title='bbox 568 2723 630 2790; x_wconf 93' lang='lat' dir='ltr'><strong>est,</strong></span> <span class='ocrx_word' id='word_1_247' title='bbox 646 2717 703 2777; x_wconf 87' lang='lat' dir='ltr'><strong>sed</strong></span> <span class='ocrx_word' id='word_1_248' title='bbox 718 2717 866 2792; x_wconf 86' lang='lat' dir='ltr'><strong>pestilens</strong></span> <span class='ocrx_word' id='word_1_249' title='bbox 881 2717 1039 2777; x_wconf 90' lang='lat' dir='ltr'><strong>abundan-</strong></span> 
     </span>
     <span class='ocr_line' id='line_1_31' title="bbox 55 2798 1068 2878; baseline 0.006 -19"><span class='ocrx_word' id='word_1_250' title='bbox 55 2799 107 2859; x_wconf 91' lang='lat' dir='ltr'><strong>tia.</strong></span> <span class='ocrx_word' id='word_1_251' title='bbox 131 2798 242 2860; x_wconf 88' lang='lat' dir='ltr'><strong>Omnes</strong></span> <span class='ocrx_word' id='word_1_252' title='bbox 259 2816 338 2875; x_wconf 86' lang='lat' dir='ltr'><strong>quos</strong></span> <span class='ocrx_word' id='word_1_253' title='bbox 350 2815 461 2860; x_wconf 80' lang='lat' dir='ltr'><strong>vecors</strong></span> <span class='ocrx_word' id='word_1_254' title='bbox 476 2800 595 2859; x_wconf 89' lang='lat' dir='ltr'><strong>animus</strong></span> <span class='ocrx_word' id='word_1_255' title='bbox 612 2817 706 2878; x_wconf 81' lang='lat' dir='ltr'><strong>supra</strong></span> <span class='ocrx_word' id='word_1_256' title='bbox 722 2800 923 2875; x_wconf 81' lang='lat' dir='ltr'><strong>cogitationes</strong></span> <span class='ocrx_word' id='word_1_257' title='bbox 942 2801 1068 2865; x_wconf 77' lang='lat' dir='ltr'><strong>extol-2</strong></span> 
     </span>
     <span class='ocr_line' id='line_1_32' title="bbox 55 2883 1039 2957; baseline 0 -16"><span class='ocrx_word' id='word_1_258' title='bbox 55 2884 89 2943; x_wconf 93' lang='lat' dir='ltr'><strong>lit</strong></span> <span class='ocrx_word' id='word_1_259' title='bbox 110 2883 272 2954; x_wconf 89' lang='lat' dir='ltr'><strong>humanas,</strong></span> <span class='ocrx_word' id='word_1_260' title='bbox 297 2887 389 2943; x_wconf 85' lang='lat' dir='ltr'><strong>altum</strong></span> <span class='ocrx_word' id='word_1_261' title='bbox 410 2883 556 2957; x_wconf 89' lang='lat' dir='ltr'><strong>quiddam</strong></span> <span class='ocrx_word' id='word_1_262' title='bbox 577 2889 607 2941; x_wconf 90' lang='lat' dir='ltr'><strong>et</strong></span> <span class='ocrx_word' id='word_1_263' title='bbox 627 2885 757 2945; x_wconf 90' lang='lat' dir='ltr'><strong>sublime</strong></span> <span class='ocrx_word' id='word_1_264' title='bbox 777 2883 896 2957; x_wconf 87' lang='lat' dir='ltr'><strong>spirare</strong></span> <span class='ocrx_word' id='word_1_265' title='bbox 917 2899 952 2942; x_wconf 91' lang='lat' dir='ltr'><strong>se</strong></span> <span class='ocrx_word' id='word_1_266' title='bbox 975 2897 1039 2942; x_wconf 87' lang='lat' dir='ltr'><strong>ere-</strong></span> 
     </span>
     <span class='ocr_line' id='line_1_33' title="bbox 57 2965 1040 3039; baseline 0 -15"><span class='ocrx_word' id='word_1_267' title='bbox 57 2967 145 3026; x_wconf 86' lang='lat' dir='ltr'><strong>dunt:</strong></span> <span class='ocrx_word' id='word_1_268' title='bbox 173 2973 306 3025; x_wconf 87' lang='lat' dir='ltr'><strong>ceterum</strong></span> <span class='ocrx_word' id='word_1_269' title='bbox 334 2966 375 3025; x_wconf 93' lang='lat' dir='ltr'><strong>nil</strong></span> <span class='ocrx_word' id='word_1_270' title='bbox 401 2966 491 3025; x_wconf 88' lang='lat' dir='ltr'><strong>solidi</strong></span> <span class='ocrx_word' id='word_1_271' title='bbox 519 2965 641 3038; x_wconf 90' lang='lat' dir='ltr'><strong>subest,</strong></span> <span class='ocrx_word' id='word_1_272' title='bbox 670 2967 726 3026; x_wconf 91' lang='lat' dir='ltr'><strong>sed</strong></span> <span class='ocrx_word' id='word_1_273' title='bbox 751 2966 781 3024; x_wconf 91' lang='lat' dir='ltr'><strong>in</strong></span> <span class='ocrx_word' id='word_1_274' title='bbox 802 2967 920 3025; x_wconf 91' lang='lat' dir='ltr'><strong>ruinam</strong></span> <span class='ocrx_word' id='word_1_275' title='bbox 941 2980 1040 3039; x_wconf 87' lang='lat' dir='ltr'><strong>prona</strong></span> 
     </span>
     <span class='ocr_line' id='line_1_34' title="bbox 56 3047 1039 3124; baseline -0.002 -16"><span class='ocrx_word' id='word_1_276' title='bbox 56 3057 141 3122; x_wconf 91' lang='lat' dir='ltr'><strong>sunt,</strong></span> <span class='ocrx_word' id='word_1_277' title='bbox 158 3065 237 3124; x_wconf 90' lang='lat' dir='ltr'><strong>quae</strong></span> <span class='ocrx_word' id='word_1_278' title='bbox 258 3050 324 3110; x_wconf 92' lang='lat' dir='ltr'><strong>sine</strong></span> <span class='ocrx_word' id='word_1_279' title='bbox 345 3049 549 3108; x_wconf 80' lang='lat' dir='ltr'><strong>fundamentis</strong></span> <span class='ocrx_word' id='word_1_280' title='bbox 571 3063 702 3108; x_wconf 82' lang='lat' dir='ltr'><strong>crevere.</strong></span> <span class='ocrx_word' id='word_1_281' title='bbox 731 3047 798 3107; x_wconf 89' lang='lat' dir='ltr'><strong>Non</strong></span> <span class='ocrx_word' id='word_1_282' title='bbox 819 3049 911 3109; x_wconf 89' lang='lat' dir='ltr'><strong>habet</strong></span> <span class='ocrx_word' id='word_1_283' title='bbox 928 3049 973 3108; x_wconf 89' lang='lat' dir='ltr'><strong>ira</strong></span> <span class='ocrx_word' id='word_1_284' title='bbox 990 3047 1039 3108; x_wconf 88' lang='lat' dir='ltr'><strong>eui</strong></span> 
     </span>
     <span class='ocr_line' id='line_1_35' title="bbox 56 3132 1040 3207; baseline 0.001 -18"><span class='ocrx_word' id='word_1_285' title='bbox 56 3132 186 3193; x_wconf 88' lang='lat' dir='ltr'><strong>insistat.</strong></span> <span class='ocrx_word' id='word_1_286' title='bbox 219 3150 280 3193; x_wconf 87' lang='lat' dir='ltr'><strong>non</strong></span> <span class='ocrx_word' id='word_1_287' title='bbox 302 3149 341 3191; x_wconf 86' lang='lat' dir='ltr'><strong>ex</strong></span> <span class='ocrx_word' id='word_1_288' title='bbox 363 3133 450 3192; x_wconf 88' lang='lat' dir='ltr'><strong>firmo</strong></span> <span class='ocrx_word' id='word_1_289' title='bbox 470 3148 679 3207; x_wconf 87' lang='lat' dir='ltr'><strong>mansuroque</strong></span> <span class='ocrx_word' id='word_1_290' title='bbox 702 3133 810 3206; x_wconf 89' lang='lat' dir='ltr'><strong>oritur,</strong></span> <span class='ocrx_word' id='word_1_291' title='bbox 832 3132 888 3192; x_wconf 90' lang='lat' dir='ltr'><strong>sed</strong></span> <span class='ocrx_word' id='word_1_292' title='bbox 911 3139 1040 3193; x_wconf 85' lang='lat' dir='ltr'><strong>ventose</strong></span> 
     </span>
     <span class='ocr_line' id='line_1_36' title="bbox 55 3215 1039 3291; baseline -0.001 -17"><span class='ocrx_word' id='word_1_293' title='bbox 55 3224 85 3276; x_wconf 92' lang='lat' dir='ltr'><strong>el</strong></span> <span class='ocrx_word' id='word_1_294' title='bbox 98 3217 198 3276; x_wconf 89' lang='lat' dir='ltr'><strong>inanis</strong></span> <span class='ocrx_word' id='word_1_295' title='bbox 216 3223 264 3277; x_wconf 88' lang='lat' dir='ltr'><strong>est</strong></span> <span class='ocrx_word' id='word_1_296' title='bbox 276 3222 453 3290; x_wconf 89' lang='lat' dir='ltr'><strong>tantumque</strong></span> <span class='ocrx_word' id='word_1_297' title='bbox 468 3216 555 3275; x_wconf 90' lang='lat' dir='ltr'><strong>abest</strong></span> <span class='ocrx_word' id='word_1_298' title='bbox 570 3232 588 3274; x_wconf 89' lang='lat' dir='ltr'><strong>a</strong></span> <span class='ocrx_word' id='word_1_299' title='bbox 601 3216 807 3290; x_wconf 80' lang='lat' dir='ltr'><strong>magnitudine</strong></span> <span class='ocrx_word' id='word_1_300' title='bbox 818 3215 924 3289; x_wconf 86' lang='lat' dir='ltr'><strong>animi,</strong></span> <span class='ocrx_word' id='word_1_301' title='bbox 943 3232 1039 3291; x_wconf 88' lang='lat' dir='ltr'><strong>quan-</strong></span> 
     </span>
     <span class='ocr_line' id='line_1_37' title="bbox 55 3298 1037 3374; baseline -0.002 -17"><span class='ocrx_word' id='word_1_302' title='bbox 55 3306 119 3360; x_wconf 91' lang='lat' dir='ltr'><strong>tum</strong></span> <span class='ocrx_word' id='word_1_303' title='bbox 140 3316 159 3359; x_wconf 92' lang='lat' dir='ltr'><strong>a</strong></span> <span class='ocrx_word' id='word_1_304' title='bbox 178 3299 353 3361; x_wconf 81' lang='lat' dir='ltr'><strong>tortitudine</strong></span> <span class='ocrx_word' id='word_1_305' title='bbox 378 3298 520 3371; x_wconf 83' lang='lat' dir='ltr'><strong>audacia,</strong></span> <span class='ocrx_word' id='word_1_306' title='bbox 549 3298 699 3359; x_wconf 84' lang='lat' dir='ltr'><strong>afidueia</strong></span> <span class='ocrx_word' id='word_1_307' title='bbox 723 3298 903 3374; x_wconf 89' lang='lat' dir='ltr'><strong>insolentia,</strong></span> <span class='ocrx_word' id='word_1_308' title='bbox 925 3298 962 3358; x_wconf 89' lang='lat' dir='ltr'><strong>ab</strong></span> <span class='ocrx_word' id='word_1_309' title='bbox 984 3313 1037 3356; x_wconf 89' lang='lat' dir='ltr'><strong>au·</strong></span> 
     </span>
     <span class='ocr_line' id='line_1_38' title="bbox 55 3379 1067 3457; baseline 0.001 -16"><span class='ocrx_word' id='word_1_310' title='bbox 55 3384 189 3444; x_wconf 86' lang='lat' dir='ltr'><strong>steritate</strong></span> <span class='ocrx_word' id='word_1_311' title='bbox 214 3382 349 3457; x_wconf 88' lang='lat' dir='ltr'><strong>tristitia,</strong></span> <span class='ocrx_word' id='word_1_312' title='bbox 381 3400 399 3443; x_wconf 92' lang='lat' dir='ltr'><strong>a</strong></span> <span class='ocrx_word' id='word_1_313' title='bbox 429 3383 591 3442; x_wconf 90' lang='lat' dir='ltr'><strong>severitate</strong></span> <span class='ocrx_word' id='word_1_314' title='bbox 617 3383 775 3443; x_wconf 87' lang='lat' dir='ltr'><strong>eudelitas.</strong></span> <span class='ocrx_word' id='word_1_315' title='bbox 824 3382 967 3452; x_wconf 89' lang='lat' dir='ltr'><strong>Multum,</strong></span> <span class='ocrx_word' id='word_1_316' title='bbox 994 3379 1067 3442; x_wconf 84' lang='lat' dir='ltr'><strong>in-3</strong></span> 
     </span>
     <span class='ocr_line' id='line_1_39' title="bbox 58 3461 1037 3581; baseline -0.007 -54"><span class='ocrx_word' id='word_1_317' title='bbox 58 3483 164 3542; x_wconf 85' lang='lat' dir='ltr'><strong>quam,</strong></span> <span class='ocrx_word' id='word_1_318' title='bbox 200 3467 326 3528; x_wconf 91' lang='lat' dir='ltr'><strong>interest</strong></span> <span class='ocrx_word' id='word_1_319' title='bbox 357 3467 434 3526; x_wconf 90' lang='lat' dir='ltr'><strong>inter</strong></span> <span class='ocrx_word' id='word_1_320' title='bbox 461 3466 621 3526; x_wconf 89' lang='lat' dir='ltr'><strong>sublimem</strong></span> <span class='ocrx_word' id='word_1_321' title='bbox 647 3467 779 3546; x_wconf 86' lang='lat' dir='ltr'><strong>animum</strong></span> <span class='ocrx_word' id='word_1_322' title='bbox 804 3471 834 3523; x_wconf 92' lang='lat' dir='ltr'><strong>et</strong></span> <span class='ocrx_word' id='word_1_323' title='bbox 858 3461 1037 3581; x_wconf 59' lang='lat' dir='ltr'><strong>superbum.</strong></span> 
     </span>
    </p>
   </div>
   <div class='ocr_carea' id='block_1_3' title="bbox 0 0 1194 3856">
    <p class='ocr_par' dir='ltr' id='par_1_4' title="bbox 0 0 1194 3856">
     <span class='ocr_line' id='line_1_40' title="bbox 0 0 1194 3856; baseline 0 0"><span class='ocrx_word' id='word_1_324' title='bbox 0 0 1194 3856; x_wconf 95' lang='lat' dir='ltr'><strong> </strong></span> 
     </span>
    </p>
   </div>
  </div>
 </body>
</html>
