2378 3856
169 197 231 259 142
341 195 375 255 L.
398 194 545 254 Auunci
567 192 742 254 SENECAE
763 192 868 253 ulau.
888 191 957 253 Vll.

163 350 227 409 bris
244 349 345 408 vicina
363 349 527 408 transimus
544 346 731 407 offensantes
752 362 791 405 ec
804 344 873 422 ipsa
888 362 970 421 quae
984 347 1150 411 desidera·

135 450 242 501 ornus.
269 430 332 491 Sed
351 446 390 489 ne
404 438 434 489 te
455 446 511 505 per
531 429 707 490 circumitus
721 429 854 502 ucham,
873 430 1008 491 aliorum
1022 432 1148 509 quidem

165 517 326 591 opiniones
353 514 535 588 praeteribo,
570 529 638 572 nam
665 520 695 572 et
719 527 899 573 enumerare
923 513 995 575 illas
1020 516 1148 591 longua

165 606 213 660 ost
227 607 258 658 et
271 612 454 672 coarguere:
476 606 610 658 nostram
624 596 741 670 accipe
768 604 942 657 nostram
956 604 1065 659 autem
1079 612 1148 661 eum

164 683 250 753 dico,
273 698 334 742 non
355 681 457 755 adligo
477 696 527 740 me
542 680 580 739 ud
593 696 688 740 unum
701 678 834 756 aliquem
848 696 889 741 ex
903 677 1022 743 stoicis
1038 698 1146 757 proco

164 767 259 826 ribus.
287 774 336 825 est
355 772 386 824 et
405 764 477 823 milri
492 763 639 824 censendi
653 763 712 824 ius.
740 765 844 839 itaque
863 762 1002 838 aliquem
1023 780 1147 842 aequm,

165 850 297 924 aliquem
323 847 435 907 iubebo
468 847 648 906 sententiam
672 846 818 907 dividere.
857 848 995 909 sortasse
1020 856 1053 911 ot
1077 856 1147 927 post

166 948 274 993 omnes
291 932 399 990 citatus
414 929 488 989 nihil
502 928 673 1003 inprobabo
688 945 729 989 ex
743 931 792 1003 iis,
806 946 887 1004 quae
901 931 1031 1006 priores
1040 932 1145 995 dcere·

135 1016 277 1087 suerint,
299 1019 330 1072 et
349 1013 464 1072 dicant
486 1013 566 1085 „laoc
586 1014 718 1087 aruplius
740 1020 884 1074 censeo.“
916 1014 1047 1077 Interim
1063 1016 1145 1093 quod

165 1099 244 1156 inter
264 1097 364 1156 omnis
379 1094 501 1156 Stoicos
523 1096 681 1169 convenit,
706 1113 809 1158 rerum
828 1103 955 1157 naturae
974 1098 1145 1163 odoenfior.

165 1181 205 1241 ab
218 1181 270 1240 illa
284 1197 346 1241 non
361 1181 503 1240 deerrare
519 1187 550 1241 ot
563 1181 603 1241 ad
616 1180 698 1241 iltius
712 1183 812 1254 legem
826 1180 1073 1258 exemplumque
1086 1184 1145 1245 ior·

166 1264 404 1339 marisapientia
417 1271 480 1324 est=
499 1264 610 1324 beata
626 1273 684 1324 est
699 1279 789 1338 ergo
801 1262 886 1325 vita
899 1268 1144 1327 couveniens

165 1356 327 1409 naturae
341 1363 450 1419 suae,
468 1362 547 1422 quae
561 1363 623 1408 non
638 1348 725 1408 aliter
737 1348 914 1421 contingere
923 1354 1041 1423 potest,
1055 1366 1145 1425 quam

166 1434 192 1492 si
220 1433 348 1505 primum
373 1447 451 1491 sana
473 1447 561 1491 mens
587 1438 636 1490 cst
661 1437 691 1491 et
713 1429 745 1490 in
768 1437 918 1505 perpetua
938 1433 1145 1505 possessione

165 1514 303 1573 sanitatis
319 1529 402 1586 suae,
418 1513 530 1573 deinde
544 1515 631 1575 iortis
647 1530 683 1574 ac
698 1513 898 1585 vehemens*
913 1520 989 1575 tunc
1003 1515 1143 1591 putauer-

165 1596 241 1656 rima
255 1603 285 1656 et
300 1597 436 1671 paticus,
454 1603 525 1671 apta
539 1598 742 1670 temporibus,
764 1598 905 1671 corporis
926 1597 976 1659 sui
991 1600 1143 1674 pertinen·

165 1681 301 1754 tiumque
326 1679 367 1739 ad
390 1679 420 1739 id
445 1680 569 1739 curiosa
592 1697 653 1741 non
678 1680 777 1740 anxie.
810 1688 873 1739 tum
892 1679 1023 1741 aliarum
1044 1697 1145 1745 rerum

167 1779 246 1838 quae
267 1764 357 1824 vitam
376 1762 543 1834 instruunt,
568 1761 701 1837 diligens
729 1764 796 1823 siue
821 1762 1025 1825 admiratione
1045 1766 1145 1827 cuiue

81 1870 90 1881 ¹
136 1854 267 1920 aquam,
285 1861 380 1906 usura
395 1845 535 1906 fortunae
549 1847 743 1917 muneribus,
766 1862 828 1907 noa
843 1847 1006 1907 servitura.
1028 1848 1143 1909 intelle

165 1929 229 2004 gis,
250 1928 368 1989 etiarrtsi
391 1944 453 1989 non
476 1929 618 2001 adiciam,
641 1929 731 2006 sequi
752 1938 929 2006 perpetuam
945 1930 1143 2007 tranquillae

165 2021 240 2085 tem,
261 2012 429 2073 libertatem
446 2012 584 2088 depulsis
599 2013 636 2073 iis
651 2028 731 2088 quae
744 2023 796 2075 aut
809 2014 932 2073 inritant
946 2030 1007 2075 nos
1020 2022 1078 2077 eut
1088 2022 1143 2079 tor·

165 2097 264 2157 ritant.
287 2111 356 2155 nam
378 2097 456 2176 [pro]
480 2096 686 2172 voluptatibus
707 2104 737 2156 et
751 2113 808 2172 pro
827 2097 885 2157 illis
901 2113 982 2171 quae
997 2112 1145 2175 parvane

166 2180 285 2255 fragilia
305 2188 377 2241 sunt
397 2190 427 2241 et
449 2181 478 2240 in
498 2180 576 2256 ipsis
598 2179 720 2255 flagitiis
737 2179 844 2253 noxia,
870 2179 982 2255 ingens
998 2182 1144 2257 gaudium

167 2264 264 2337 subit,
289 2263 509 2326 inconcussum
531 2271 562 2324 et
587 2264 725 2339 aequale.
757 2271 820 2323 turn
843 2279 905 2339 pax
927 2271 959 2325 et
978 2267 1147 2329 concordia·

167 2348 258 2409 animi
278 2356 309 2408 et
329 2347 506 2422 magnitudo
528 2364 595 2407 curn
612 2347 853 2409 mansuetudine.
884 2348 984 2407 omnis
1004 2350 1144 2411 enimet

165 2431 338 2491 infirmitate
352 2430 455 2492 feritas
469 2440 526 2492 est.

137 2524 153 2576 1
226 2515 279 2573 tv.
309 2513 446 2573 Potest
474 2515 593 2574 aliter
624 2529 781 2588 quoque
811 2514 974 2574 deliniri
1004 2514 1144 2577 bonurn

166 2603 356 2668 nostrum,
380 2595 413 2655 id
434 2605 481 2656 est
498 2597 606 2655 eadem
626 2597 776 2657 sententia
797 2612 858 2657 non
881 2596 993 2658 iisdem
1015 2614 1143 2675 compro

165 2678 259 2739 hendi
292 2676 406 2738 verbis.
453 2679 713 2753 Quemadmodum
747 2680 827 2740 idem
862 2679 1018 2743 exercitus
1053 2683 1144 2745 modo

128 2824 132 2829 ,
166 2761 254 2822 latius
276 2761 433 2837 panditur,
459 2763 552 2823 modo
577 2762 607 2821 in
634 2773 794 2839 angustum
815 2771 969 2825 coartatur
989 2771 1021 2825 et
1043 2767 1144 2827 autin

167 2862 281 2906 cornua
307 2847 429 2907 sinuata
453 2846 553 2906 media
580 2854 667 2921 parte
690 2854 832 2908 curvatur
856 2853 909 2908 aut
932 2854 1021 2909 recia
1047 2850 1145 2921 fronte

167 2929 344 3006 explicatur,
361 2931 408 2991 vis
424 2931 481 3004 illi,
499 2936 663 3004 utcumque
679 2931 837 2991 ordinatus
852 2938 914 3005 est,
929 2931 1041 2993 eadem
1056 2939 1146 2995 estet

168 3015 307 3075 voluntas
333 3030 389 3088 pro
413 3013 521 3074 iisdem
547 3015 686 3089 partibus
706 3014 822 3075 standiz
853 3014 896 3074 ita
913 3012 1013 3076 finitio
1035 3014 1145 3077 sumuri

165 3096 238 3157 boni
252 3095 328 3157 alius
344 3095 472 3157 diffundi
496 3106 598 3172 potest
618 3105 648 3157 et
662 3098 831 3172 exporrigi,
851 3097 928 3158 alias
949 3098 1055 3173 colligi
1069 3098 1143 3161 etin

136 3189 201 3241 ase
224 3181 302 3255 cogi.
338 3179 423 3239 idem
444 3177 546 3254 itaque
567 3182 637 3253 erit,
663 3181 689 3239 si
710 3181 833 3241 dixerat
855 3197 1011 3242 summum
1031 3182 1143 3245 banau

166 3272 214 3324 est
229 3265 348 3323 animus
364 3262 486 3323 fortuita
500 3264 684 3339 despiciens,
703 3263 811 3324 virtute
825 3265 933 3339 laetus,
948 3272 1017 3327 aut:
1031 3263 1145 3337 invicto

167 3348 214 3406 vis
228 3346 335 3418 animi,
358 3346 454 3420 perita
468 3363 583 3419 rerum,
605 3346 726 3420 placida
745 3348 776 3407 in
790 3355 861 3409 actu
875 3363 944 3409 cum
956 3347 1146 3419 humanitate

167 3430 261 3490 multa
275 3435 304 3489 ot
320 3431 564 3491 conversantium
579 3444 660 3488 eura.
683 3428 755 3489 libet
768 3438 799 3490 et
811 3432 852 3491 ita
863 3431 961 3507 linire,
975 3438 1010 3493 ut
1020 3432 1146 3495 beatum
