2378 3856
162 186 206 250 64
456 189 489 247 L.
512 189 658 248 Annaei
680 188 856 248 SENECAE

164 361 225 404 non
241 340 409 404 mitioribus
423 341 532 402 animis
546 341 619 401 vitia
630 341 746 401 leniora
761 342 923 403 coniuncta
937 349 1020 416 sunt,
1042 352 1079 405 ut
1096 348 1152 406 mi-

164 426 333 488 sericordia
347 435 377 487 et
390 442 477 486 amor
491 432 522 485 et
534 425 741 485 verecundiat
771 426 878 499 ltaque
897 440 995 500 saepe
1017 427 1074 489 tibi
1095 429 1152 491 bo·

163 527 233 570 nam
248 509 381 569 indolem
395 509 482 569 malis
498 525 621 584 quoque
635 510 700 569 suis
716 509 887 569 ostendam.
917 509 976 570 sed
996 527 1061 572 non
1079 512 1151 574 ideo

134 594 234 653 svitia
248 608 310 653 non
332 600 417 666 sunt,
438 592 466 652 si
486 601 613 653 naturae
632 593 767 653 melioris
782 592 895 653 indicia
908 599 989 653 sunl.
1028 594 1151 659 Deinde

162 691 269 737 omnes
290 677 367 737 istae
393 676 510 736 feritate
531 675 644 736 liberae
664 683 772 750 gentes
793 677 916 736 leonum
936 677 1151 755 luporumque

161 761 220 820 ritu
235 767 268 820 ut
282 761 399 821 servire
415 775 475 818 non
490 767 637 834 possunt,
659 760 700 819 ita
714 773 770 819 nec
786 758 945 835 imperare.
979 776 1043 822 aon
1065 765 1150 825 euim

160 843 283 904 humani
300 843 360 903 vim
374 841 496 918 ingenii,
511 842 568 903 sed
582 843 638 902 ieri
652 851 683 904 et
695 840 893 903 intractabilis
907 842 1032 906 habent.
1054 862 1148 909 nemo

136 934 262 988 sautem
278 942 384 1001 regere
401 932 502 1002 potest
516 926 574 985 nisi
591 925 644 1001 qui
659 934 690 986 et
703 925 777 1000 regi.
808 925 885 986 Fere
898 924 1003 1001 itaque
1016 928 1148 1005 imperia

161 1025 258 1084 penes
273 1025 328 1069 eos
345 1011 430 1069 luere
451 1010 601 1085 populos,
622 1010 674 1085 qui
695 1010 813 1069 mitiore
831 1011 919 1070 coelo
939 1017 1079 1073 utuntur.
1118 1015 1147 1073 in

160 1093 274 1167 frigora
289 1091 599 1167 septemtrionemque
610 1093 805 1167 vergentibus
816 1094 1009 1153 inmansueta
1019 1095 1147 1170 ingenia

160 1183 240 1250 sunt,
256 1184 288 1236 ut
302 1177 343 1237 uit
358 1184 458 1251 poeta,

463 1262 732 1335 subcurrentem
745 1263 835 1321 coelo,

132 1352 146 1402 1
221 1344 301 1403 XVl.
331 1344 510 1418 „Animalia
526 1343 631 1419 inquit,
647 1342 886 1417 generosissima
899 1342 1061 1417 habentur,
1076 1349 1142 1421 qul·

159 1427 217 1487 bus
233 1430 358 1487 multum
372 1428 452 1487 inest
466 1429 562 1487 irae.“
599 1428 687 1486 Errat
709 1425 761 1500 qui
781 1441 819 1485 ea
838 1425 869 1485 in
889 1428 1068 1502 exemplum
1089 1429 1143 1491 ire

159 1509 249 1569 minis
264 1510 395 1583 abducit,
412 1511 524 1585 quibus
540 1526 595 1584 pro
607 1509 725 1570 ratione
740 1516 788 1569 est
801 1509 941 1584 inpetusr
955 1509 1075 1571 homiui
1086 1529 1142 1588 pro

135 1622 144 1635 ·
158 1593 264 1667 inpetu
278 1591 356 1652 ratio
371 1600 427 1652 est.
452 1590 514 1652 Sed
529 1608 568 1652 ne
583 1595 641 1652 illis
657 1592 780 1666 quidem
796 1592 937 1653 omnibus
952 1591 1036 1654 idem
1047 1597 1141 1669 prod·

158 1684 221 1736 esta
246 1675 405 1734 iracundia
419 1678 525 1735 leones
540 1677 678 1748 adiuvat,
700 1692 797 1750 pavor
817 1691 942 1749 cervos,
962 1679 1141 1754 accipitrem

130 1759 291 1834 ainperus,
308 1760 479 1820 columbam
494 1760 575 1833 luga.
609 1759 695 1833 Quid,
709 1761 842 1834 quodne
857 1759 932 1820 illud
946 1760 1075 1834 quidem
1092 1778 1140 1823 ve·

158 1858 225 1902 rum
241 1850 302 1916 est,
320 1844 433 1917 optima
447 1843 588 1901 animalia
603 1858 674 1903 esse
688 1842 945 1904 iracundissimat
975 1843 1060 1904 ieras
1085 1862 1140 1922 pu-

158 1934 233 1997 tem,
251 1927 363 2000 quibus
381 1941 419 1985 ex
433 1933 522 2001 raptu
537 1926 678 1986 alimento
693 1934 779 2000 sunt,
800 1928 941 1987 meliores
957 1944 1021 2001 quo
1036 1927 1137 1991 iratio

157 2024 217 2068 res.
263 2010 436 2083 patientiam
467 2010 653 2069 laudaverim
680 2010 773 2070 bourn
803 2016 833 2069 et
854 2025 1002 2084 equorum
1033 2011 1139 2074 irenes

158 2095 360 2167 sequentium.
394 2093 472 2166 Quid
487 2101 535 2154 est
549 2099 651 2154 autem
665 2109 720 2153 cur
733 2093 886 2153 hominem
901 2093 942 2152 ad
959 2101 1022 2154 tam
1040 2093 1138 2156 inleli·

158 2176 205 2235 cie
217 2178 358 2251 exempla
368 2192 507 2250 revoces,
516 2193 586 2237 cum
596 2177 864 2236 babeasmundum
873 2176 1037 2251 deumque,
1046 2196 1139 2254 quem

157 2276 196 2319 ex
217 2260 357 2321 omnibus
378 2260 558 2320 animalibus
585 2267 617 2319 ut
637 2261 723 2319 solus
745 2260 889 2331 imitetur,
910 2261 997 2321 solus
1019 2262 1136 2323 intelle

129 2345 218 2417 agite
248 2343 507 2418 „simplicissima
523 2342 637 2419 inquit,
653 2344 786 2403 omnium
800 2343 951 2403 habentur
964 2342 1137 2407 iracundi.⁴‘

154 2426 367 2487 Fraudulentis
389 2426 468 2485 enim
490 2434 521 2486 et
542 2427 673 2487 versutis
694 2434 900 2501 conparantur
924 2433 955 2486 et
979 2428 1137 2503 simplices

154 2508 309 2579 videnlur,
338 2510 410 2580 quia
436 2510 569 2583 expositi
595 2517 675 2568 sunt.
719 2525 798 2582 quos
824 2511 946 2584 quidem
974 2528 1036 2573 non
1064 2512 1136 2573 sim·

155 2588 251 2663 plices
272 2590 414 2662 dixerim,
437 2590 494 2649 sed
508 2590 658 2650 incautos.
703 2591 818 2665 stultis,
834 2593 1000 2654 luxuriosis
1016 2599 1136 2670 nepoti·

154 2672 275 2745 busque
299 2671 358 2730 hoc
385 2687 493 2731 nomen
515 2671 689 2746 inponimus
710 2680 740 2732 et
761 2676 901 2736 omnibus
914 2677 1004 2737 'vitiis
1026 2695 1136 2753 purum

156 2754 282 2814 callidis.

126 2850 140 2901 1
216 2835 309 2895 XVII.
343 2834 486 2908 „0rator,
510 2833 620 2906 inquit,
641 2833 735 2894 iratus
751 2839 922 2913 aliquando,
931 2842 1041 2902 melior
1055 2827 1135 2908 estf‘

152 2922 246 2980 Immo
261 2917 393 2979 imitatus
410 2918 526 2976 iratum.
556 2929 625 2972 nam
639 2922 669 2974 et
681 2916 846 2983 histriones
858 2923 893 2992 in,
903 2928 1134 2999 pronuntiando

152 3020 214 3063 non
228 3001 294 3061 irati
309 3001 457 3073 populum
471 3001 607 3067 movent,
634 3000 688 3056 sed
711 3000 818 3062 iratum
839 3005 918 3065 bene
931 3016 1082 3082 agentesr
1105 3023 1134 3075 et

152 3085 235 3159 apud
251 3082 369 3144 iudices
390 3081 492 3155 itaque
513 3078 593 3137 etin
614 3081 762 3142 concione
782 3093 812 3146 et
832 3087 1020 3166 ubicumque
1040 3097 1133 3157 aliem

151 3166 242 3227 animi
266 3165 304 3223 ad
334 3168 471 3221 nostrum
496 3158 650 3220 arbitrium
675 3167 786 3235 agendi
811 3177 896 3243 sunt,
922 3176 1016 3236 modo
1045 3178 1131 3255 bam

149 3249 242 3311 modo
266 3252 392 3316 metum,
418 3242 511 3303 modo
534 3240 772 3306 misericordiam
794 3257 827 3310 ut
848 3254 915 3313 aliis
934 3255 1130 3338 incutiamus,

150 3334 211 3410 ipsi
226 3327 449 3397 simulabimus,
470 3331 500 3383 et
516 3338 612 3396 saepe
626 3320 656 3381 id
673 3330 754 3398 quod
770 3332 834 3392 veri
849 3337 988 3402 adlectus
1005 3360 1070 3405 non
1087 3349 1130 3406 el·

121 3418 303 3487 arecissent,
319 3409 419 3471 eiiecit
433 3406 557 3467 imitatio
572 3404 753 3469 adfectuum.
788 3415 1002 3498 „Languidus,
1019 3427 1128 3504 inquit,
