2378 3856
130 198 185 258 ΑΙ)
197 195 396 295 POLYBIUM
406 197 458 256 DE
470 195 769 258 consularibus.
785 202 980 270 14-16.[35.]
1001 193 1064 259 233

88 359 119 411 et
140 345 283 424 graviore
301 349 394 409 multo
416 347 509 408 animi
531 351 656 410 volnere
677 364 768 425 quam
789 355 899 424 postea
923 346 1063 424 corporis

86 435 165 494 ictus
178 439 240 493 est=
261 432 344 507 quod
356 438 518 508 utrumque
530 430 669 506 piissime
680 432 761 495 idem
770 438 802 492 et
810 431 976 494 fortissime
988 432 1063 494 tulit.

88 517 203 578 Caesar
214 522 341 590 patruus
353 531 441 577 meus
451 516 586 577 Drusum
594 515 816 590 Germanicum,
829 521 1092 591 patremmeumt
1157 570 1160 580 .

88 602 237 662 minorem
253 605 342 673 netu,
356 615 459 674 auam
473 597 542 673 ipse
556 606 636 672 erat,
663 600 800 672 tratrem,
822 599 926 660 intima
939 599 1063 661 Germa·

86 683 157 746 niae
169 683 376 744 recludentem
387 689 419 743 et
427 689 535 757 gentes
547 681 755 743 ferocissimas
763 682 902 745 Romano
910 683 1063 744 subicien-

87 775 150 828 tem
164 766 292 852 imperio
303 765 335 827 in
346 767 501 842 conplexu
512 772 542 826 et
553 764 583 824 in
596 765 711 827 osculis
724 763 789 826 suis
802 766 917 826 amisita
938 766 1064 827 modum

85 850 333 924 tamenlugendi
352 866 414 910 non
435 850 494 912 sibi
514 855 643 922 tantum,
671 849 838 911 sedetiam
860 848 926 910 aliis
942 848 1013 909 iecit
1026 862 1063 907 ac

85 942 182 995 totum
203 934 369 994 exercitum
389 949 451 995 non
466 933 565 994 solum
581 942 746 1007 moestum,
768 934 825 994 sed
840 931 930 994 etiam
944 929 1062 992 adtoni-

86 1026 151 1080 tum
167 1031 281 1091 corpus
293 1016 385 1077 Drusi
400 1018 448 1076 sui
461 1015 519 1077 sibi
535 1017 741 1079 vindicantem
756 1016 796 1078 ad
807 1032 923 1077 morem
932 1014 1063 1077 Romani

86 1103 188 1162 luctus
203 1098 321 1174 redegit
335 1100 541 1175 iudicavitque
556 1116 617 1160 non
631 1100 779 1164 militandi
795 1107 910 1162 tantum
926 1098 1062 1174 discipli·

86 1200 159 1244 nam
174 1199 245 1243 esse
261 1185 459 1258 servandam,
479 1185 535 1243 sed
551 1185 640 1244 etiam
656 1183 790 1246 dolendi.
827 1183 894 1243 Non
910 1183 1064 1259 potuisset

86 1267 138 1327 ille
159 1267 301 1326 lacrimas
321 1267 437 1328 alienas
460 1282 669 1342 conpescere,
695 1267 754 1329 nisi
781 1266 867 1342 prius
892 1263 1064 1341 pressisset

87 1366 173 1412 suas.

149 1434 229 1494 XVI.
253 1438 320 1506 [aa]
339 1433 380 1493 Μ.
395 1434 562 1505 Antonius,
580 1450 656 1515 avus¹
671 1449 773 1506 meus,
793 1436 877 1495 nullo
891 1432 989 1492 minor
1004 1426 1091 1490 nisil

87 1534 142 1591 eo,
157 1533 176 1577 a
191 1534 253 1592 quo
268 1517 444 1591 vietusest,
459 1526 531 1579 tunc
547 1534 614 1578 cum
630 1518 850 1592 rempublicam
864 1515 1064 1578 constitueret

87 1610 118 1661 et
137 1601 316 1662 triumvirali
336 1608 487 1675 potestate
509 1603 664 1677 praeditus
686 1601 759 1662 nihil
775 1616 920 1677 superse
936 1599 1062 1672 videret,

87 1684 227 1759 exceptis
250 1700 324 1745 vero
346 1686 466 1745 duobus
488 1687 614 1760 collegis
636 1685 737 1745 omnia
757 1685 836 1744 intra
857 1700 893 1745 se
914 1688 1060 1753 cerneret,

88 1769 212 1827 fratrem
225 1768 415 1828 interiectum
427 1769 550 1830 audivit.
581 1769 716 1830 Fortuna
728 1768 886 1843 inpotens,
903 1759 1011 1842 qbales
1023 1769 1091 1824 ext

87 1850 229 1910 humanis
248 1851 336 1911 malis
359 1850 412 1910 tibi
433 1851 503 1926 ipsa
524 1853 616 1914 ludos
640 1852 732 1913 lacis!
762 1868 799 1913 eo
822 1852 892 1927 ipso
915 1860 1062 1925 tempore,

89 1950 151 2009 quo
166 1934 206 1992 Μ.
218 1934 371 1994 Antonius
386 1933 497 1996 civium
512 1952 638 1998 suorum
652 1936 732 1996 vitae
749 1936 878 1997 sedebat
895 1934 1063 2008 mortisque

88 2018 216 2090 arbiter,
246 2017 286 2077 Μ.
300 2018 424 2079 Antonii
440 2019 532 2079 irater
546 2019 617 2080 duci
631 2019 791 2080 iubebatur
805 2020 846 2079 ad
860 2018 1062 2094 supplicium:

88 2101 155 2161 tulit
164 2100 224 2160 hoe
233 2108 332 2161 tamen
344 2109 404 2162 tam
416 2103 500 2162 triste
513 2105 622 2163 volnus
635 2103 743 2162 eadem
755 2096 1063 2176 magnitudineanimi

89 2184 140 2259 [ll.
152 2185 334 2259 Antonius]‚
355 2202 417 2259 qua
432 2187 533 2246 omnia
546 2187 605 2246 alia
619 2186 753 2245 adversa
767 2187 951 2245 toleraverat
963 2189 992 2241 et
1002 2181 1063 2241 hoc

88 2268 144 2328 suit
164 2266 230 2328 eius
252 2271 356 2343 lugere
378 2269 482 2343 viginti
502 2270 655 2344 legionum
678 2267 826 2343 sanguine
847 2266 932 2326 iratri
952 2279 1062 2339 paren·

87 2351 255 2413 tare-Sed
275 2360 309 2413 ut
330 2354 431 2413 omnia
451 2354 510 2413 alia
530 2355 671 2427 exempla
692 2359 894 2429 praeteream,
920 2354 953 2408 ut
968 2348 998 2406 in
1013 2359 1090 2413 mes

88 2450 215 2510 quoque
236 2433 307 2510 ipso
328 2437 387 2496 alia
407 2443 524 2497 taceam
545 2439 667 2508 lunera,
692 2436 740 2496 bis
761 2451 810 2495 me
831 2435 964 2493 fraterno
980 2431 1062 2490 luctu

88 2519 240 2591 adgressa
254 2519 376 2583 fortuna
391 2526 451 2593 est,
472 2520 519 2579 bis
534 2519 682 2580 intellexit
695 2520 775 2579 laedi
790 2533 838 2578 me
853 2531 964 2592 posse,
980 2513 1062 2575 vinci

88 2618 150 2662 non
165 2617 277 2676 posse=
304 2603 392 2665 amisi
408 2602 619 2665 Germanicum
638 2604 775 2676 tratrem,
798 2617 889 2678 quem
904 2597 1061 2676 quomodo

88 2685 268 2758 amaverim,
283 2685 428 2766 intellegit
443 2689 580 2762 proiecto
597 2687 738 2763 quisquis
755 2685 881 2761 cogitat,
904 2682 1061 2760 quomodo

88 2783 164 2829 suos
180 2768 289 2828 iratres
306 2768 346 2843 pii
362 2770 470 2830 tratres
486 2778 596 2832 ament.
626 2771 671 2831 sic
685 2779 787 2831 tamen
798 2769 950 2829 adlectum
961 2781 1062 2836 meum

86 2851 169 2921 rexi,
191 2858 225 2910 ut
244 2866 303 2910 nec
323 2852 526 2925 relinquerem
541 2854 720 2927 quicquam,
741 2851 825 2926 quod
839 2849 920 2923 exigi
935 2848 1063 2909 deberet

86 2936 202 2996 abono
224 2933 331 3006 tratre,
353 2949 411 2995 nec
432 2934 578 3008 iacerem,
602 2935 686 3009 quod
704 2930 887 3011 reprehendi
909 2929 1061 3006 possetin

88 3017 259 3094 principe.“
715 3070 718 3075 .

152 3103 236 3162 Haec
251 3115 325 3174 ergo
341 3106 416 3175 puta
430 3099 482 3162 tibi
497 3106 655 3176 parentem
668 3099 821 3175 publicum
833 3096 949 3159 reterre
958 3106 1089 3162 exem-4

87 3188 155 3262 pla,
175 3184 318 3246 eumdem
333 3184 513 3258 ostendere,
530 3198 621 3261 quam
636 3183 710 3245 nibil
720 3181 1061 3257 sacrumintaetumque

88 3271 130 3331 sit
144 3269 312 3342 Fortunae,
333 3284 414 3344 quae
433 3283 474 3329 ex
494 3269 540 3330 eis
555 3267 717 3344 penatibus
730 3283 808 3331 auso
821 3274 871 3329 est
883 3265 991 3327 butera
1005 3261 1061 3323 du·

88 3366 175 3424 cere,
195 3368 236 3411 ex
251 3352 363 3426 quibus
378 3358 445 3412 erat
459 3352 536 3413 deos
552 3352 692 3427 petitura.
717 3366 808 3414 nemo
821 3351 926 3425 itaque
938 3347 1063 3409 mlum

89 3433 205 3509 aliquid
220 3434 258 3495 ab
273 3434 325 3496 illa
339 3442 392 3497 aut
405 3437 568 3497 cmdeliter
582 3434 646 3495 fleri
660 3442 714 3496 aut
726 3434 840 3513 inique.
868 3426 1063 3509 potestcnim
