2378 3856
88 215 367 278 courumuulnll
379 216 568 284 Acclruull
585 214 811 276 SAPIENTEM.
833 217 885 276 vl.
898 217 963 278 VII.
988 215 1031 280 23

53 373 198 432 didcrunt
210 369 346 442 tabellas,
364 369 476 444 quibus
490 367 616 428 avaritia
631 368 709 427 lalso
730 367 810 428 laeta
824 367 943 428 divitias
958 371 1030 430 ima-

53 456 187 530 ginatum
213 468 271 529 ego
298 453 421 526 quidem
448 454 549 513 omnia
573 452 691 526 integra
715 451 904 526 inlibataque
921 452 1031 514 habeo.

54 538 184 614 proinde
197 538 275 598 istos
289 535 458 610 interroga,
480 536 531 611 qui
546 534 633 605 flent,
658 535 710 609 qui
728 535 942 611 lamentantur,
964 535 1031 595 stri·

55 625 112 684 ctis
126 621 236 697 gladiis
250 620 333 681 nuda
347 636 403 694 pro
418 621 549 694 pecunia
563 635 693 693 corpora
714 626 887 693 opponunt,
911 618 962 693 qui
977 618 1032 679 lto·

54 713 133 766 stem
147 711 273 765 onerato
289 703 359 763 sinu
373 703 520 777 lugiunt.“
541 702 622 776 Ergo
635 701 677 762 ita
690 702 801 774 babes,
819 701 948 777 Serene,
963 716 1031 776 per·
1043 706 1062 762 8

54 792 168 849 lectum
182 789 265 848 illum
276 787 383 860 virum,
399 785 538 847 humanis
551 786 723 860 divinisque
734 786 896 846 uirtutibus
910 789 1033 861 plenum
1102 847 1103 850 ,

54 873 130 932 nibil
144 873 284 946 perdere.
307 872 389 931 bona
404 871 470 930 eius
485 869 593 930 solidis
614 877 643 930 et
657 870 955 946 inexsuperabilibus
968 884 1033 928 mu-

54 956 198 1016 nimentis
213 955 388 1030 praecincta
402 960 480 1014 sunt.
504 970 564 1014 non
579 954 770 1031 Babylonios
783 953 825 1014 illi
840 969 945 1015 muros
961 968 1033 1012 con·

55 1039 177 1113 tuleris,
193 1055 271 1113 quos
287 1038 462 1098 Alexander
476 1037 610 1111 intravit,
626 1053 687 1097 non
704 1037 893 1112 carthaginis
908 1043 961 1099 aut
973 1037 1033 1096 Nu·

55 1122 186 1183 mantiae
204 1122 334 1194 moenia,
348 1137 411 1182 una
425 1138 516 1180 manu
531 1128 630 1196 capta,
645 1137 705 1182 non
721 1122 901 1197 capitolium
918 1133 1033 1180 arcem·

54 1222 109 1278 ve,
135 1205 248 1266 habent
273 1207 332 1266 ista
355 1205 466 1266 hostile
489 1203 665 1279 vestigium:
697 1207 747 1265 illa
768 1221 848 1280 quae
865 1206 1034 1279 sapientem

54 1295 196 1361 tuentur,
223 1296 253 1349 et
267 1305 286 1347 a
300 1289 423 1348 flamme
436 1294 467 1349 et
480 1288 518 1347 ab
533 1290 656 1348 incursu
672 1295 735 1349 tuta
749 1296 834 1362 sunt,
856 1290 972 1348 nullum
988 1289 1033 1347 in·

54 1374 178 1434 troitum
193 1372 349 1448 praebent,
365 1375 498 1445 excelsa,
514 1371 771 1447 inexpugnabilia,
788 1371 836 1432 dis
852 1388 961 1446 aequa.

116 1457 183 1516 Vll.
214 1456 282 1515 Non
296 1462 343 1515 est
357 1457 442 1531 quod
457 1455 544 1515 dicas
563 1457 636 1528 ista,
656 1462 688 1516 ut
702 1457 801 1527 soles,
817 1455 899 1514 hunc
913 1454 1035 1530 sapien·
1051 1460 1066 1510 1

54 1548 117 1601 tem
131 1546 268 1600 nostrum
283 1555 433 1615 nusquam
451 1540 587 1598 inveniri.
630 1556 690 1598 non
713 1540 856 1614 fingimus
877 1539 957 1598 istud
980 1537 1035 1596 hu·

55 1624 137 1683 mani
152 1623 263 1698 ingenii
278 1639 389 1683 vanum
405 1623 500 1683 decus
515 1639 573 1683 nec
587 1624 740 1699 ingentem
756 1623 918 1697 imaginem
939 1622 1036 1680 salsae

55 1708 101 1767 rei
117 1707 322 1781 reincipimus,
345 1708 401 1767 sed
416 1708 535 1782 qualem
551 1708 781 1778 confirmamus,
798 1705 992 1765 exhibuimus
1007 1710 1037 1762 et

56 1790 278 1864 exhibebimus,
293 1807 362 1851 raro
379 1791 505 1851 forsitan
517 1791 700 1866 magnisque
719 1796 851 1850 aetatum
869 1788 1035 1847 intervallis

57 1890 161 1934 unum.
203 1890 304 1950 neque
324 1875 402 1934 enim
422 1890 532 1948 magna
546 1880 576 1934 et
590 1874 771 1934 excedentia
784 1874 904 1934 solitum
923 1887 960 1930 ac
972 1871 1037 1930 vul·

59 1971 162 2030 garum
182 1959 306 2018 modum
330 1959 437 2018 crebro
462 1958 634 2033 gignuntur.
678 1964 825 2017 ceterum·
838 1957 887 2015 hic
908 1956 976 2030 ipse
995 1953 1035 2012 M.

60 2040 149 2112 Cato,
171 2041 291 2101 aculus
305 2041 457 2101 mentione
472 2041 548 2101 haec
562 2042 727 2116 disputatio
743 2039 910 2115 processit,
927 2053 1038 2097 vereor

59 2139 99 2182 ne
120 2139 216 2196 supra
230 2132 366 2184 nostrum
381 2125 538 2198 exemplar
553 2126 600 2184 sit.
635 2126 775 2199 Denique
794 2123 927 2193 validius
948 2121 1068 2181 debeta

58 2221 132 2265 esse
147 2206 231 2279 quod
246 2206 339 2266 laedit
352 2223 389 2267 eo
405 2208 487 2282 quod
503 2208 640 2268 laeditur.
677 2225 738 2268 non
754 2215 801 2267 est
817 2215 917 2267 autem
932 2204 1038 2265 lortior

57 2287 195 2361 nequitia
211 2288 336 2348 virtute:
350 2307 412 2350 non
425 2296 527 2364 potest
544 2307 616 2365 ergo
632 2291 711 2350 laedi
724 2292 858 2366 sapiens.
881 2289 993 2349 iniuria
1007 2289 1038 2347 in

57 2374 160 2432 bonos
176 2370 236 2432 nisi
251 2374 370 2432 amalis
386 2389 446 2434 non
463 2380 632 2448 temptatur.
657 2374 746 2434 bonis
761 2375 839 2433 inter
853 2389 888 2435 se
904 2389 966 2448 pax
980 2378 1037 2432 est.

58 2456 129 2515 mali
153 2461 234 2528 [non]
256 2462 316 2515 tam
337 2456 426 2517 bonis
450 2456 613 2531 perniciosi
634 2473 724 2532 quem
746 2458 822 2517 inter
845 2473 888 2518 se.
926 2456 1038 2531 quodsi

57 2539 139 2600 laedi
159 2539 219 2599 nisi
232 2539 379 2600 infirmior
393 2557 454 2601 non
476 2547 592 2614 potest,
613 2543 711 2601 malus
731 2550 831 2603 autem
851 2542 933 2601 bono
955 2539 1038 2600 infir·

58 2623 137 2683 mior
152 2631 208 2697 est,
224 2639 281 2683 nce
295 2624 404 2684 inimia
418 2624 507 2684 bonis
522 2624 581 2684 nisi
596 2641 613 2683 a
628 2626 744 2700 dispari
759 2625 893 2685 verenda
908 2630 980 2683 estr.
994 2624 1038 2681 in-

58 2708 137 2767 iuria
152 2708 181 2767 in
198 2708 368 2782 sapientem
383 2709 481 2768 virum
503 2723 564 2767 non
579 2709 667 2768 cadit.
703 2709 777 2769 illud
797 2709 876 2768 enirn
898 2708 958 2766 iam
976 2723 1037 2766 non

58 2807 95 2850 es
111 2791 323 2852 admonendus
338 2792 488 2851 neminem
501 2792 615 2851 bonum
630 2808 702 2852 esse
713 2792 771 2852 nisi
784 2792 961 2866 sapientem.
984 2787 1040 2860 „Si
1054 2787 1071 2841 3

57 2874 180 2947 iniuste,
201 2873 306 2948 inquit,
321 2874 464 2936 Socrates
482 2876 641 2935 damnatus
657 2882 713 2949 est,
736 2876 874 2935 iniuriam
890 2871 1040 2946 accepim

56 2958 125 3018 Hoc
146 2958 214 3018 loco
231 2957 404 3033 intellegere
418 2975 476 3018 nos
492 2966 613 3034 oportet
627 2974 723 3033 posse
737 2958 875 3028 evenire,
897 2962 931 3015 ut
951 2954 1041 3014 iaciat

57 3038 169 3116 aliquis
187 3041 325 3101 iniuriam
346 3043 418 3101 mihi
439 3050 469 3103 et
488 3058 546 3116 ego
569 3058 630 3103 non
651 3041 813 3117 accipiam:
839 3047 995 3114 tamquam
1014 3039 1062 3115 si

59 3123 130 3199 quis
144 3140 218 3196 rem,
233 3141 323 3199 quam
338 3128 355 3184 e
370 3127 440 3185 villa
451 3142 518 3185 mea
531 3126 689 3200 subripuit,
705 3126 733 3184 in
749 3126 841 3185 domo
856 3139 925 3184 mea
937 3130 1039 3198 ponat,

58 3209 110 3267 ille
125 3209 236 3267 lurtum
253 3209 365 3282 lecerit,
376 3224 433 3283 ego
446 3210 518 3269 nihil
530 3208 725 3285 perdiderim.
746 3209 850 3269 Potest
862 3206 972 3281 aliquis
984 3211 1069 3265 nol

59 3307 135 3351 cens
149 3291 225 3366 lieri,
243 3292 381 3366 quamvis
398 3309 458 3353 non
473 3293 627 3354 nocuerit:
657 3293 683 3350 si
699 3293 852 3368 quiscum
871 3306 968 3351 uxore
983 3303 1041 3348 sua

57 3381 214 3450 tamquam
240 3376 340 3436 aliena
365 3377 561 3450 concumbat,
587 3377 706 3435 adulter
731 3376 801 3448 erit,
829 3373 968 3450 quamvis
990 3370 1042 3430 illa

56 3456 198 3519 adultera
218 3475 279 3519 non
301 3459 349 3519 sit.
386 3459 496 3534 aliquis
517 3458 588 3519 milri
609 3474 761 3518 venenum
782 3459 880 3529 dedit,
902 3455 957 3516 sed
980 3453 1041 3515 viru

30 3632 33 3637 .
169 3627 172 3635 v
