2378 3856
264 369 298 452 l.
325 331 789 492 imminuat,
939 470 942 475 ,

130 505 832 641 nntcooncnmnanx„

298 673 633 772 ΑυῬᾼυιιΝυΜ

272 825 318 894 na
335 805 527 930 marinam
546 779 657 892 iiiia.
787 790 789 795 ’

395 964 550 981 -ι--ι--υ-,ἠ
572 959 575 964 “

77 1073 979 1152 Maiorparsmortalium,Patdine,denataraet

69 1159 219 1233 gnitate
255 1159 526 1235 conqueritur,
563 1160 665 1237 quod
701 1159 738 1218 in
767 1159 951 1236 exiguum

78 1243 285 1319 gignimur,
308 1245 393 1319 quod
413 1244 491 1304 haec
505 1251 566 1304 tam
579 1242 741 1317 velociter,
767 1251 828 1307 lam
841 1245 950 1322 rapide

68 1326 145 1389 iobis
167 1329 315 1403 temporis
336 1329 437 1404 spatia
459 1328 638 1403 decurrant,
664 1326 743 1388 adeo
759 1335 792 1402 ut
811 1330 949 1404 exceptis

68 1411 137 1472 dunt
159 1412 267 1488 paucis
289 1419 408 1477 ceteros
428 1410 459 1471 in
475 1412 546 1487 ipso
560 1413 639 1475 vitae
653 1411 805 1487 adparatu
820 1412 881 1474 vita
897 1413 949 1474 de·

68 1504 84 1556 t.
116 1511 174 1556 nec
189 1496 259 1557 huic
275 1496 413 1572 publico,
433 1501 468 1558 ut
482 1496 662 1572 opinantur,
682 1497 770 1557 malo.
781 1495 871 1556 turba
884 1503 948 1557 tan·

68 1587 79 1639 t
93 1582 247 1655 inpudens
261 1581 371 1656 volgus
385 1576 541 1656 ingemuit
562 1582 715 1643 clarorum
731 1581 948 1658 quoquaviro·

68 1664 105 1723 tic
120 1665 258 1726 adlectus
272 1666 414 1740 querelas
426 1664 582 1731 evocavit:
596 1663 733 1731 indeilla
747 1665 870 1725 maximi
885 1680 947 1725 me·

68 1765 109 1810 im
133 1748 315 1809 exclamatio
336 1756 400 1813 esti
426 1749 545 1824 „vitam
564 1744 798 1829 mensurasse,
825 1749 948 1825 longam

69 1838 104 1892 .“
126 1833 198 1891 inde
214 1831 388 1897 Aristotelis
405 1848 474 1894 cum
487 1849 591 1895 rerum
604 1840 712 1905 natura
727 1832 877 1907 exigentis
892 1831 976 1894 mia

72 1917 259 1977 conveniens
281 1916 413 1996 sapienti
437 1917 502 1978 viro
518 1919 556 1984 lis
570 1925 628 1978 est
647 1917 715 1985 ¹aliz
729 1919 868 1978 iniustam
883 1917 946 1976 ani·

68 2007 232 2062 astantum
246 2001 422 2075 indulsisse,
438 2009 471 2062 ut
485 2002 580 2077 quina
594 2010 646 2062 aut
658 2001 740 2063 dena
754 2001 860 2061 secula
871 2001 946 2060 edu·
970 2063 973 2067 ,

67 2090 113 2144 nt:
129 2083 242 2146 homini
256 2084 287 2145 in
302 2090 363 2145 um
379 2085 472 2146 mtdta
487 2101 523 2144 ac
538 2101 652 2160 magna·
660 2084 766 2161 genito
777 2090 861 2144 tanto
873 2083 945 2159 cite·

68 2185 83 2228 o
106 2170 267 2231 terminum
293 2173 405 2229 stare.“
444 2169 524 2228 Non
551 2164 733 2243 exiguum
756 2166 976 2243 temporisil

68 2268 174 2328 imus,
198 2253 268 2314 sed
292 2252 448 2313 multum
473 2250 729 2326 per-didimus,
763 2250 839 2323 satis
853 2252 947 2327 longa

68 2343 75 2398 t
90 2336 119 2396 in
134 2337 335 2399 maxtmuum
349 2350 451 2394 rorum
467 2333 761 2401 consummationem
774 2336 859 2410 lorge
874 2334 946 2395 data

68 2419 75 2480 i
90 2428 153 2483 tota
167 2422 246 2482 beno
261 2420 483 2483 comoooremr.
511 2419 569 2481 sed
583 2418 636 2479 ubi
649 2433 707 2493 per
720 2418 829 2481 luxum
840 2432 877 2493 ac
892 2433 945 2484 ne·

68 2505 151 2567 itiam
166 2503 292 2580 diffluit,
312 2503 365 2565 ubi
381 2503 483 2568 nullae
495 2503 597 2587 bonae
612 2502 657 2574 rei
670 2501 861 2578 inpenditur,
871 2502 944 2577 ,utti-

68 2604 164 2650 etuum
185 2588 529 2664 necessitotecogente,
554 2587 704 2665 quamius
719 2603 779 2658 nou
795 2585 944 2664 implum

68 2673 217 2742 transisse
231 2672 389 2736 sentimus.
412 2673 457 2733 lta
473 2678 534 2747 est,
548 2687 611 2734 non
622 2671 804 2746 acuemus
818 2671 972 2744 hrevcml

68 2800 76 2830 ,
91 2755 147 2815 sed
162 2756 307 2830 lecimus,
320 2771 378 2817 nec
391 2755 503 2831 inopes
517 2756 599 2827 eius,
620 2755 677 2816 sed
693 2754 813 2829 prodigi
824 2770 941 2826 summ.

68 2838 186 2912 amplae
197 2846 231 2899 ,et
244 2838 348 2913 rogiae
361 2854 440 2914 opes
454 2836 507 2899 ubi
522 2837 562 2899 ad
576 2839 689 2897 malum
705 2835 942 2911 dominumper-

68 2927 131 2993 unt,
157 2930 311 2983 momento
332 2919 535 2996 dissipantur,
552 2928 592 2980 at
605 2919 743 2994 quanvis
760 2919 901 2981 modicae
910 2918 945 2979 si
964 2955 971 2999 ··.

68 3004 187 3067 custodi
204 3004 334 3066 traditae
350 3011 429 3078 sunt,
446 3019 506 3064 usu
519 3010 675 3063 crescunt·
687 3000 729 3063 ita
733 3008 824 3074 aetas
835 3008 943 3074 nostra

68 3089 237 3165 lisponcnti
251 3089 377 3148 multum
391 3094 539 3164 patet
768 3106 770 3111 ¹

98 3174 177 3249 Quid
198 3176 237 3235 de
256 3188 359 3233 rerum
373 3179 481 3234 natura
496 3146 670 3247 querimini
690 3166 744 3234 illa
759 3148 794 3235 se
808 3136 967 3250 benignel

68 3260 169 3331 vita,
185 3258 211 3320 si
226 3258 269 3321 uti
285 3257 367 3317 scias
374 3259 490 3333 ,longa
505 3263 561 3317 est.
584 3257 685 3319 Alium
699 3257 880 3319 insatiabilis
895 3265 939 3318 te·

68 3342 184 3419 teritio,
217 3340 344 3403 alium
335 3359 367 3401 m
393 3340 596 3417 supervacuis
621 3342 778 3404 laboribus
799 3356 939 3416 operosa

68 3430 121 3487 lau
154 3427 233 3496 alius
254 3427 327 3487 vino
348 3426 459 3487 madet.
495 3424 573 3484 alius
591 3423 699 3486 inertia
713 3431 834 3499 torpet·
846 3424 937 3487 olium
