<?xml version="1.0" encoding="UTF-8"?>
<!DOCTYPE html PUBLIC "-//W3C//DTD XHTML 1.0 Transitional//EN"
    "http://www.w3.org/TR/xhtml1/DTD/xhtml1-transitional.dtd">
<html xmlns="http://www.w3.org/1999/xhtml" xml:lang="en" lang="en">
 <head>
  <title>
</title>
<meta http-equiv="Content-Type" content="text/html;charset=utf-8" />
  <meta name='ocr-system' content='tesseract 3.04.00' />
  <meta name='ocr-capabilities' content='ocr_page ocr_carea ocr_par ocr_line ocrx_word'/>
</head>
<body>
  <div class='ocr_page' id='page_1' title='image "./lannaeisenecaeo03senegoog_0212.png"; bbox 0 0 2378 3856; ppageno 0'>
   <div class='ocr_carea' id='block_1_1' title="bbox 251 191 1061 267">
    <p class='ocr_par' dir='ltr' id='par_1_1' title="bbox 251 191 1061 267">
     <span class='ocr_line' id='line_1_1' title="bbox 251 191 1061 267; baseline 0.01 -12"><span class='ocrx_word' id='word_1_1' title='bbox 251 194 302 255; x_wconf 84' lang='lat' dir='ltr'>DE</span> <span class='ocrx_word' id='word_1_2' title='bbox 317 192 649 267; x_wconf 71' lang='lat' dir='ltr'>Tarrouthtlramr</span> <span class='ocrx_word' id='word_1_3' title='bbox 664 191 786 255; x_wconf 76' lang='lat' dir='ltr'>Alllllll.</span> <span class='ocrx_word' id='word_1_4' title='bbox 803 199 846 257; x_wconf 83' lang='lat' dir='ltr'>lli·</span> <span class='ocrx_word' id='word_1_5' title='bbox 861 199 919 261; x_wconf 68' lang='lat' dir='ltr'>lul</span> <span class='ocrx_word' id='word_1_6' title='bbox 1001 192 1061 263; x_wconf 74' lang='lat' dir='ltr'>tit</span> 
     </span>
    </p>
   </div>
   <div class='ocr_carea' id='block_1_2' title="bbox 78 343 1091 3557">
    <p class='ocr_par' dir='ltr' id='par_1_2' title="bbox 78 343 1091 3557">
     <span class='ocr_line' id='line_1_2' title="bbox 80 343 1061 419; baseline 0 -11"><span class='ocrx_word' id='word_1_7' title='bbox 80 343 288 419; x_wconf 86' lang='lat' dir='ltr'>desiderium,</span> <span class='ocrx_word' id='word_1_8' title='bbox 304 345 382 407; x_wconf 87' lang='lat' dir='ltr'>haec</span> <span class='ocrx_word' id='word_1_9' title='bbox 395 346 507 419; x_wconf 80' lang='lat' dir='ltr'><strong>nostri,</strong></span> <span class='ocrx_word' id='word_1_10' title='bbox 522 352 553 405; x_wconf 88' lang='lat' dir='ltr'>et</span> <span class='ocrx_word' id='word_1_11' title='bbox 563 345 624 407; x_wconf 87' lang='lat' dir='ltr'>erit</span> <span class='ocrx_word' id='word_1_12' title='bbox 637 346 731 409; x_wconf 87' lang='lat' dir='ltr'>altera</span> <span class='ocrx_word' id='word_1_13' title='bbox 743 344 868 409; x_wconf 85' lang='lat' dir='ltr'>alterius</span> <span class='ocrx_word' id='word_1_14' title='bbox 881 347 1061 412; x_wconf 87' lang='lat' dir='ltr'>remedium.</span> 
     </span>
     <span class='ocr_line' id='line_1_3' title="bbox 81 428 1062 502; baseline 0 -9"><span class='ocrx_word' id='word_1_15' title='bbox 81 431 190 493; x_wconf 87' lang='lat' dir='ltr'>odium</span> <span class='ocrx_word' id='word_1_16' title='bbox 204 428 313 490; x_wconf 79' lang='lat' dir='ltr'><strong>turbae</strong></span> <span class='ocrx_word' id='word_1_17' title='bbox 326 429 447 491; x_wconf 86' lang='lat' dir='ltr'>sanabit</span> <span class='ocrx_word' id='word_1_18' title='bbox 461 428 611 502; x_wconf 83' lang='lat' dir='ltr'>solitudo,</span> <span class='ocrx_word' id='word_1_19' title='bbox 626 429 762 493; x_wconf 84' lang='lat' dir='ltr'>taedium</span> <span class='ocrx_word' id='word_1_20' title='bbox 775 429 949 495; x_wconf 77' lang='lat' dir='ltr'>solitudinis</span> <span class='ocrx_word' id='word_1_21' title='bbox 964 433 1062 493; x_wconf 78' lang='lat' dir='ltr'>turba</span> 
     </span>
     <span class='ocr_line' id='line_1_4' title="bbox 78 511 1091 588; baseline 0 -13"><span class='ocrx_word' id='word_1_22' title='bbox 78 514 208 575; x_wconf 85' lang='lat' dir='ltr'>Nec-in</span> <span class='ocrx_word' id='word_1_23' title='bbox 229 512 361 573; x_wconf 84' lang='lat' dir='ltr'>eudem</span> <span class='ocrx_word' id='word_1_24' title='bbox 377 511 841 588; x_wconf 80' lang='lat' dir='ltr'>intentione-aequaliter</span> <span class='ocrx_word' id='word_1_25' title='bbox 854 512 1091 577; x_wconf 72' lang='lat' dir='ltr'>retinendas</span> 
     </span>
     <span class='ocr_line' id='line_1_5' title="bbox 78 595 1061 673; baseline 0.002 -15"><span class='ocrx_word' id='word_1_26' title='bbox 78 595 806 670; x_wconf 81' lang='lat' dir='ltr'>mensest,se-‹lsdiocosdevocanda</span> <span class='ocrx_word' id='word_1_27' title='bbox 835 595 910 657; x_wconf 82' lang='lat' dir='ltr'>Cum</span> <span class='ocrx_word' id='word_1_28' title='bbox 924 600 1061 673; x_wconf 88' lang='lat' dir='ltr'>puerulis</span> 
     </span>
     <span class='ocr_line' id='line_1_6' title="bbox 81 678 1063 752; baseline 0.001 -9"><span class='ocrx_word' id='word_1_29' title='bbox 81 681 229 743; x_wconf 77' lang='lat' dir='ltr'><strong>Socrates</strong></span> <span class='ocrx_word' id='word_1_30' title='bbox 253 679 360 739; x_wconf 85' lang='lat' dir='ltr'>ludere</span> <span class='ocrx_word' id='word_1_31' title='bbox 385 696 450 741; x_wconf 89' lang='lat' dir='ltr'>non</span> <span class='ocrx_word' id='word_1_32' title='bbox 474 679 701 752; x_wconf 83' lang='lat' dir='ltr'>erubescebat,.</span> <span class='ocrx_word' id='word_1_33' title='bbox 719 687 751 739; x_wconf 88' lang='lat' dir='ltr'>ct</span> <span class='ocrx_word' id='word_1_34' title='bbox 763 678 838 743; x_wconf 85' lang='lat' dir='ltr'>cato</span> <span class='ocrx_word' id='word_1_35' title='bbox 852 680 924 740; x_wconf 90' lang='lat' dir='ltr'>vino</span> <span class='ocrx_word' id='word_1_36' title='bbox 937 682 1063 749; x_wconf 83' lang='lat' dir='ltr'>laxabat</span> 
     </span>
     <span class='ocr_line' id='line_1_7' title="bbox 81 760 1061 838; baseline -0.001 -11"><span class='ocrx_word' id='word_1_37' title='bbox 81 763 218 827; x_wconf 90' lang='lat' dir='ltr'>animum</span> <span class='ocrx_word' id='word_1_38' title='bbox 233 763 317 825; x_wconf 89' lang='lat' dir='ltr'>curis</span> <span class='ocrx_word' id='word_1_39' title='bbox 334 762 466 838; x_wconf 83' lang='lat' dir='ltr'>publicis</span> <span class='ocrx_word' id='word_1_40' title='bbox 481 762 653 838; x_wconf 76' lang='lat' dir='ltr'>fatigatum,</span> <span class='ocrx_word' id='word_1_41' title='bbox 666 769 702 822; x_wconf 90' lang='lat' dir='ltr'>el·</span> <span class='ocrx_word' id='word_1_42' title='bbox 711 760 817 837; x_wconf 89' lang='lat' dir='ltr'>Scipio</span> <span class='ocrx_word' id='word_1_43' title='bbox 833 763 1013 838; x_wconf 87' lang='lat' dir='ltr'>triumphale</span> <span class='ocrx_word' id='word_1_44' title='bbox 1027 765 1061 829; x_wconf 89' lang='lat' dir='ltr'>il·</span> 
     </span>
     <span class='ocr_line' id='line_1_8' title="bbox 80 846 1061 923; baseline -0.001 -14"><span class='ocrx_word' id='word_1_45' title='bbox 80 848 138 911; x_wconf 91' lang='lat' dir='ltr'>lud</span> <span class='ocrx_word' id='word_1_46' title='bbox 152 861 189 908; x_wconf 87' lang='lat' dir='ltr'>ac</span> <span class='ocrx_word' id='word_1_47' title='bbox 202 847 461 923; x_wconf 81' lang='lat' dir='ltr'>militare÷eorpua</span> <span class='ocrx_word' id='word_1_48' title='bbox 475 846 626 912; x_wconf 76' lang='lat' dir='ltr'>movitcsi</span> <span class='ocrx_word' id='word_1_49' title='bbox 639 861 793 921; x_wconf 84' lang='lat' dir='ltr'>numeros,</span> <span class='ocrx_word' id='word_1_50' title='bbox 809 863 871 908; x_wconf 89' lang='lat' dir='ltr'>nou</span> <span class='ocrx_word' id='word_1_51' title='bbox 885 849 1016 914; x_wconf 86' lang='lat' dir='ltr'>molliter</span> <span class='ocrx_word' id='word_1_52' title='bbox 1025 864 1061 909; x_wconf 90' lang='lat' dir='ltr'>se</span> 
     </span>
     <span class='ocr_line' id='line_1_9' title="bbox 80 930 1060 1005; baseline -0.003 -11"><span class='ocrx_word' id='word_1_53' title='bbox 80 931 251 1005; x_wconf 73' lang='lat' dir='ltr'>infringens</span> <span class='ocrx_word' id='word_1_54' title='bbox 260 937 317 1004; x_wconf 89' lang='lat' dir='ltr'>,ut</span> <span class='ocrx_word' id='word_1_55' title='bbox 331 946 418 994; x_wconf 88' lang='lat' dir='ltr'>nunc-</span> <span class='ocrx_word' id='word_1_56' title='bbox 426 946 496 993; x_wconf 87' lang='lat' dir='ltr'>mos</span> <span class='ocrx_word' id='word_1_57' title='bbox 511 937 560 992; x_wconf 90' lang='lat' dir='ltr'>est</span> <span class='ocrx_word' id='word_1_58' title='bbox 573 930 888 1005; x_wconf 80' lang='lat' dir='ltr'>etiamincessulpsa</span> <span class='ocrx_word' id='word_1_59' title='bbox 902 932 982 997; x_wconf 86' lang='lat' dir='ltr'>ultra</span> <span class='ocrx_word' id='word_1_60' title='bbox 995 947 1060 993; x_wconf 84' lang='lat' dir='ltr'>rnu-¹</span> 
     </span>
     <span class='ocr_line' id='line_1_10' title="bbox 80 1012 1061 1088; baseline -0.001 -10"><span class='ocrx_word' id='word_1_61' title='bbox 80 1013 210 1081; x_wconf 84' lang='lat' dir='ltr'>liebrem</span> <span class='ocrx_word' id='word_1_62' title='bbox 223 1012 382 1075; x_wconf 84' lang='lat' dir='ltr'>mollitiam</span> <span class='ocrx_word' id='word_1_63' title='bbox 391 1012 577 1088; x_wconf 85' lang='lat' dir='ltr'>liuentibus,</span> <span class='ocrx_word' id='word_1_64' title='bbox 590 1014 706 1079; x_wconf 9' lang='lat' dir='ltr'>‘sedat</span> <span class='ocrx_word' id='word_1_65' title='bbox 721 1012 838 1088; x_wconf 80' lang='lat' dir='ltr'>aauqui</span> <span class='ocrx_word' id='word_1_66' title='bbox 852 1014 895 1077; x_wconf 91' lang='lat' dir='ltr'>illi</span> <span class='ocrx_word' id='word_1_67' title='bbox 904 1015 966 1077; x_wconf 86' lang='lat' dir='ltr'>-viri</span> <span class='ocrx_word' id='word_1_68' title='bbox 980 1018 1061 1083; x_wconf 52' lang='lat' dir='ltr'>sole}</span> 
     </span>
     <span class='ocr_line' id='line_1_11' title="bbox 80 1096 1061 1173; baseline 0.002 -15"><span class='ocrx_word' id='word_1_69' title='bbox 80 1099 157 1160; x_wconf 88' lang='lat' dir='ltr'>bunt</span> <span class='ocrx_word' id='word_1_70' title='bbox 173 1097 254 1158; x_wconf 88' lang='lat' dir='ltr'>inter</span> <span class='ocrx_word' id='word_1_71' title='bbox 273 1099 431 1160; x_wconf 13' lang='lat' dir='ltr'>lamumtac</span> <span class='ocrx_word' id='word_1_72' title='bbox 445 1098 526 1162; x_wconf 80' lang='lat' dir='ltr'>testa</span> <span class='ocrx_word' id='word_1_73' title='bbox 539 1105 679 1173; x_wconf 85' lang='lat' dir='ltr'>tempora</span> <span class='ocrx_word' id='word_1_74' title='bbox 692 1097 810 1161; x_wconf 88' lang='lat' dir='ltr'>virilem</span> <span class='ocrx_word' id='word_1_75' title='bbox 825 1096 855 1157; x_wconf 93' lang='lat' dir='ltr'>in</span> <span class='ocrx_word' id='word_1_76' title='bbox 871 1099 1061 1166; x_wconf 59' lang='lat' dir='ltr'>modumtri</span> 
     </span>
     <span class='ocr_line' id='line_1_12' title="bbox 83 1180 1061 1263; baseline 0.005 -21"><span class='ocrx_word' id='word_1_77' title='bbox 83 1183 229 1258; x_wconf 85' lang='lat' dir='ltr'>pudiare,</span> <span class='ocrx_word' id='word_1_78' title='bbox 242 1196 318 1242; x_wconf 66' lang='lat' dir='ltr'>:non</span> <span class='ocrx_word' id='word_1_79' title='bbox 340 1180 695 1263; x_wconf 69' lang='lat' dir='ltr'>lacturidelrimentum</span> <span class='ocrx_word' id='word_1_80' title='bbox 723 1180 841 1243; x_wconf 83' lang='lat' dir='ltr'>etiamsi</span> <span class='ocrx_word' id='word_1_81' title='bbox 863 1181 902 1241; x_wconf 87' lang='lat' dir='ltr'>ab</span> <span class='ocrx_word' id='word_1_82' title='bbox 917 1182 1061 1247; x_wconf 76' lang='lat' dir='ltr'>hostibus</span> 
     </span>
     <span class='ocr_line' id='line_1_13' title="bbox 83 1264 1089 1341; baseline 0.003 -14"><span class='ocrx_word' id='word_1_83' title='bbox 83 1266 150 1329; x_wconf 81' lang='lat' dir='ltr'>suls</span> <span class='ocrx_word' id='word_1_84' title='bbox 173 1270 393 1341; x_wconf 71' lang='lat' dir='ltr'>spectaremur.</span> <span class='ocrx_word' id='word_1_85' title='bbox 425 1264 534 1329; x_wconf 82' lang='lat' dir='ltr'>Danda</span> <span class='ocrx_word' id='word_1_86' title='bbox 547 1264 718 1330; x_wconf 79' lang='lat' dir='ltr'>estaninrls</span> <span class='ocrx_word' id='word_1_87' title='bbox 730 1264 891 1332; x_wconf 69' lang='lat' dir='ltr'>remissior</span> <span class='ocrx_word' id='word_1_88' title='bbox 917 1264 1089 1330; x_wconf 67' lang='lat' dir='ltr'>meliorest</span> 
     </span>
     <span class='ocr_line' id='line_1_14' title="bbox 84 1345 1063 1429; baseline 0.006 -19"><span class='ocrx_word' id='word_1_89' title='bbox 84 1349 285 1424; x_wconf 72' lang='lat' dir='ltr'>ardoresque</span> <span class='ocrx_word' id='word_1_90' title='bbox 296 1346 435 1424; x_wconf 79' lang='lat' dir='ltr'>requieti</span> <span class='ocrx_word' id='word_1_91' title='bbox 454 1355 590 1423; x_wconf 68' lang='lat' dir='ltr'>sugant</span> <span class='ocrx_word' id='word_1_92' title='bbox 600 1362 612 1413; x_wconf 85' lang='grc'>.;</span> <span class='ocrx_word' id='word_1_93' title='bbox 622 1356 656 1409; x_wconf 89' lang='lat' dir='ltr'>ut</span> <span class='ocrx_word' id='word_1_94' title='bbox 675 1345 825 1429; x_wconf 70' lang='lat' dir='ltr'>fertilibus</span> <span class='ocrx_word' id='word_1_95' title='bbox 840 1347 999 1421; x_wconf 78' lang='lat' dir='ltr'>agrisnon</span> <span class='ocrx_word' id='word_1_96' title='bbox 1014 1359 1063 1415; x_wconf 82' lang='lat' dir='ltr'>cst</span> 
     </span>
     <span class='ocr_line' id='line_1_15' title="bbox 83 1431 1061 1509; baseline -0.002 -15"><span class='ocrx_word' id='word_1_97' title='bbox 83 1432 297 1509; x_wconf 86' lang='lat' dir='ltr'>imperandum</span> <span class='ocrx_word' id='word_1_98' title='bbox 303 1432 417 1506; x_wconf 75' lang='lat' dir='ltr'>.‚·;cito,</span> <span class='ocrx_word' id='word_1_99' title='bbox 429 1431 510 1499; x_wconf 72' lang='lat' dir='ltr'>enirn</span> <span class='ocrx_word' id='word_1_100' title='bbox 525 1431 779 1497; x_wconf 77' lang='lat' dir='ltr'>,llos-,exhauriet</span> <span class='ocrx_word' id='word_1_101' title='bbox 790 1447 956 1505; x_wconf 78' lang='lat' dir='ltr'>numquam</span> <span class='ocrx_word' id='word_1_102' title='bbox 970 1431 1061 1493; x_wconf 56' lang='lat' dir='ltr'>intere</span> 
     </span>
     <span class='ocr_line' id='line_1_16' title="bbox 82 1513 1062 1594; baseline -0.002 -15"><span class='ocrx_word' id='word_1_103' title='bbox 82 1517 182 1579; x_wconf 83' lang='lat' dir='ltr'>missa</span> <span class='ocrx_word' id='word_1_104' title='bbox 204 1515 394 1589; x_wconf 80' lang='lat' dir='ltr'>fecunditas,</span> <span class='ocrx_word' id='word_1_105' title='bbox 419 1516 461 1579; x_wconf 86' lang='lat' dir='ltr'>ila</span> <span class='ocrx_word' id='word_1_106' title='bbox 475 1514 799 1594; x_wconf 77' lang='lat' dir='ltr'>-animoruminpetus</span> <span class='ocrx_word' id='word_1_107' title='bbox 811 1513 964 1581; x_wconf 82' lang='lat' dir='ltr'>adsiduus</span> <span class='ocrx_word' id='word_1_108' title='bbox 974 1516 1062 1578; x_wconf 84' lang='lat' dir='ltr'>labor</span> 
     </span>
     <span class='ocr_line' id='line_1_17' title="bbox 83 1597 1061 1682; baseline 0 -21"><span class='ocrx_word' id='word_1_109' title='bbox 83 1602 213 1682; x_wconf 72' lang='lat' dir='ltr'>franget</span> <span class='ocrx_word' id='word_1_110' title='bbox 236 1600 320 1659; x_wconf 87' lang='lat' dir='ltr'>vires</span> <span class='ocrx_word' id='word_1_111' title='bbox 333 1597 484 1675; x_wconf 79' lang='lat' dir='ltr'>recipient</span> <span class='ocrx_word' id='word_1_112' title='bbox 496 1600 623 1675; x_wconf 87' lang='lat' dir='ltr'>paulum</span> <span class='ocrx_word' id='word_1_113' title='bbox 636 1597 765 1659; x_wconf 84' lang='lat' dir='ltr'>resoluti</span> <span class='ocrx_word' id='word_1_114' title='bbox 778 1606 812 1671; x_wconf 72' lang='lat' dir='ltr'>etr</span> <span class='ocrx_word' id='word_1_115' title='bbox 824 1599 942 1663; x_wconf 68' lang='lat' dir='ltr'>emissit·</span> <span class='ocrx_word' id='word_1_116' title='bbox 960 1599 1061 1662; x_wconf 88' lang='lat' dir='ltr'>nasci·</span> 
     </span>
     <span class='ocr_line' id='line_1_18' title="bbox 84 1680 1074 1760; baseline -0.001 -14"><span class='ocrx_word' id='word_1_117' title='bbox 84 1694 133 1746; x_wconf 90' lang='lat' dir='ltr'>tur</span> <span class='ocrx_word' id='word_1_118' title='bbox 147 1699 189 1745; x_wconf 85' lang='lat' dir='ltr'>ex</span> <span class='ocrx_word' id='word_1_119' title='bbox 203 1682 389 1744; x_wconf 69' lang='lat' dir='ltr'>adsiduitate</span> <span class='ocrx_word' id='word_1_120' title='bbox 402 1683 542 1745; x_wconf 88' lang='lat' dir='ltr'>laborum</span> <span class='ocrx_word' id='word_1_121' title='bbox 556 1680 727 1754; x_wconf 85' lang='lat' dir='ltr'>animorum</span> <span class='ocrx_word' id='word_1_122' title='bbox 740 1682 894 1749; x_wconf 87' lang='lat' dir='ltr'>hebetatio</span> <span class='ocrx_word' id='word_1_123' title='bbox 909 1683 1074 1760; x_wconf 84' lang='lat' dir='ltr'>quaedam.</span> 
     </span>
     <span class='ocr_line' id='line_1_19' title="bbox 84 1756 1090 1842; baseline 0.004 -14"><span class='ocrx_word' id='word_1_124' title='bbox 84 1769 268 1842; x_wconf 76' lang='lat' dir='ltr'>etlanguor.</span> <span class='ocrx_word' id='word_1_125' title='bbox 289 1765 353 1827; x_wconf 86' lang='lat' dir='ltr'>Nec</span> <span class='ocrx_word' id='word_1_126' title='bbox 365 1766 476 1830; x_wconf 89' lang='lat' dir='ltr'>adhoc</span> <span class='ocrx_word' id='word_1_127' title='bbox 488 1766 737 1830; x_wconf 86' lang='lat' dir='ltr'>tantalrominum</span> <span class='ocrx_word' id='word_1_128' title='bbox 749 1756 901 1841; x_wconf 87' lang='lat' dir='ltr'>cupiditas</span> <span class='ocrx_word' id='word_1_129' title='bbox 912 1768 1090 1841; x_wconf 75' lang='lat' dir='ltr'>tenderetd</span> 
     </span>
     <span class='ocr_line' id='line_1_20' title="bbox 83 1848 1061 1926; baseline -0.001 -13"><span class='ocrx_word' id='word_1_130' title='bbox 83 1851 144 1913; x_wconf 86' lang='lat' dir='ltr'>nisi</span> <span class='ocrx_word' id='word_1_131' title='bbox 158 1851 329 1913; x_wconf 78' lang='lat' dir='ltr'>naturalem</span> <span class='ocrx_word' id='word_1_132' title='bbox 344 1851 506 1926; x_wconf 78' lang='lat' dir='ltr'>quamdam</span> <span class='ocrx_word' id='word_1_133' title='bbox 520 1852 710 1926; x_wconf 85' lang='lat' dir='ltr'>voluptatem</span> <span class='ocrx_word' id='word_1_134' title='bbox 724 1848 851 1911; x_wconf 88' lang='lat' dir='ltr'>haberet</span> <span class='ocrx_word' id='word_1_135' title='bbox 860 1851 947 1912; x_wconf 90' lang='lat' dir='ltr'>lusus</span> <span class='ocrx_word' id='word_1_136' title='bbox 959 1850 1061 1914; x_wconf 88' lang='lat' dir='ltr'>iocus-</span> 
     </span>
     <span class='ocr_line' id='line_1_21' title="bbox 85 1933 1062 2012; baseline -0.001 -16"><span class='ocrx_word' id='word_1_137' title='bbox 85 1950 157 2012; x_wconf 90' lang='lat' dir='ltr'>que.</span> <span class='ocrx_word' id='word_1_138' title='bbox 190 1950 322 2010; x_wconf 88' lang='lat' dir='ltr'>quorum</span> <span class='ocrx_word' id='word_1_139' title='bbox 343 1935 494 2010; x_wconf 11' lang='lat' dir='ltr'>[frequens</span> <span class='ocrx_word' id='word_1_140' title='bbox 519 1949 597 1996; x_wconf 86' lang='lat' dir='ltr'>usus</span> <span class='ocrx_word' id='word_1_141' title='bbox 624 1949 714 1996; x_wconf 89' lang='lat' dir='ltr'>omne</span> <span class='ocrx_word' id='word_1_142' title='bbox 735 1933 845 1996; x_wconf 90' lang='lat' dir='ltr'>animis</span> <span class='ocrx_word' id='word_1_143' title='bbox 859 1935 983 2010; x_wconf 90' lang='lat' dir='ltr'>pondus</span> <span class='ocrx_word' id='word_1_144' title='bbox 998 1952 1062 1997; x_wconf 89' lang='lat' dir='ltr'>om-</span> 
     </span>
     <span class='ocr_line' id='line_1_22' title="bbox 84 2015 1061 2094; baseline 0 -14"><span class='ocrx_word' id='word_1_145' title='bbox 84 2032 219 2094; x_wconf 86' lang='lat' dir='ltr'>nemque</span> <span class='ocrx_word' id='word_1_146' title='bbox 239 2018 302 2080; x_wconf 89' lang='lat' dir='ltr'>vim</span> <span class='ocrx_word' id='word_1_147' title='bbox 323 2017 446 2093; x_wconf 75' lang='lat' dir='ltr'>eripiet:</span> <span class='ocrx_word' id='word_1_148' title='bbox 472 2035 543 2078; x_wconf 87' lang='lat' dir='ltr'>nam</span> <span class='ocrx_word' id='word_1_149' title='bbox 558 2026 589 2080; x_wconf 91' lang='lat' dir='ltr'>et</span> <span class='ocrx_word' id='word_1_150' title='bbox 603 2034 730 2081; x_wconf 90' lang='lat' dir='ltr'>somnus</span> <span class='ocrx_word' id='word_1_151' title='bbox 744 2015 904 2080; x_wconf 83' lang='lat' dir='ltr'>refectioni</span> <span class='ocrx_word' id='word_1_152' title='bbox 917 2034 1061 2080; x_wconf 85' lang='lat' dir='ltr'>necessu·</span> 
     </span>
     <span class='ocr_line' id='line_1_23' title="bbox 83 2098 1062 2179; baseline -0.004 -14"><span class='ocrx_word' id='word_1_153' title='bbox 83 2101 150 2165; x_wconf 87' lang='lat' dir='ltr'>rius</span> <span class='ocrx_word' id='word_1_154' title='bbox 164 2108 233 2166; x_wconf 62' lang='lat' dir='ltr'>este,</span> <span class='ocrx_word' id='word_1_155' title='bbox 242 2099 324 2163; x_wconf 86' lang='lat' dir='ltr'>hunc</span> <span class='ocrx_word' id='word_1_156' title='bbox 338 2109 439 2162; x_wconf 88' lang='lat' dir='ltr'>tamen</span> <span class='ocrx_word' id='word_1_157' title='bbox 454 2117 579 2176; x_wconf 91' lang='lat' dir='ltr'>semper</span> <span class='ocrx_word' id='word_1_158' title='bbox 593 2102 619 2162; x_wconf 90' lang='lat' dir='ltr'>si</span> <span class='ocrx_word' id='word_1_159' title='bbox 628 2119 689 2179; x_wconf 80' lang='lat' dir='ltr'>per</span> <span class='ocrx_word' id='word_1_160' title='bbox 700 2098 779 2162; x_wconf 87' lang='lat' dir='ltr'>diem</span> <span class='ocrx_word' id='word_1_161' title='bbox 792 2109 977 2178; x_wconf 86' lang='lat' dir='ltr'>noctemque</span> <span class='ocrx_word' id='word_1_162' title='bbox 990 2118 1062 2163; x_wconf 90' lang='lat' dir='ltr'>con·</span> 
     </span>
     <span class='ocr_line' id='line_1_24' title="bbox 83 2184 1061 2263; baseline -0.008 -11"><span class='ocrx_word' id='word_1_163' title='bbox 83 2185 201 2258; x_wconf 72' lang='lat' dir='ltr'>tinctas,</span> <span class='ocrx_word' id='word_1_164' title='bbox 222 2201 306 2249; x_wconf 87' lang='lat' dir='ltr'>mors</span> <span class='ocrx_word' id='word_1_165' title='bbox 322 2185 386 2246; x_wconf 84' lang='lat' dir='ltr'>erit.</span> <span class='ocrx_word' id='word_1_166' title='bbox 419 2187 545 2246; x_wconf 90' lang='lat' dir='ltr'>mullum</span> <span class='ocrx_word' id='word_1_167' title='bbox 559 2185 700 2259; x_wconf 86' lang='lat' dir='ltr'>interest,</span> <span class='ocrx_word' id='word_1_168' title='bbox 720 2185 855 2246; x_wconf 88' lang='lat' dir='ltr'>remittas</span> <span class='ocrx_word' id='word_1_169' title='bbox 870 2184 1005 2263; x_wconf 88' lang='lat' dir='ltr'>aliquid,</span> <span class='ocrx_word' id='word_1_170' title='bbox 1023 2201 1061 2245; x_wconf 90' lang='lat' dir='ltr'>an</span> 
     </span>
     <span class='ocr_line' id='line_1_25' title="bbox 84 2268 1089 2344; baseline -0.007 -12"><span class='ocrx_word' id='word_1_171' title='bbox 84 2271 203 2333; x_wconf 82' lang='lat' dir='ltr'>solvus.</span> <span class='ocrx_word' id='word_1_172' title='bbox 228 2269 351 2344; x_wconf 76' lang='lat' dir='ltr'>Legum.</span> <span class='ocrx_word' id='word_1_173' title='bbox 360 2269 536 2330; x_wconf 88' lang='lat' dir='ltr'>conditores</span> <span class='ocrx_word' id='word_1_174' title='bbox 551 2268 648 2331; x_wconf 84' lang='lat' dir='ltr'>festos</span> <span class='ocrx_word' id='word_1_175' title='bbox 662 2269 858 2330; x_wconf 86' lang='lat' dir='ltr'>instituerunt</span> <span class='ocrx_word' id='word_1_176' title='bbox 870 2268 952 2343; x_wconf 90' lang='lat' dir='ltr'>dies,</span> <span class='ocrx_word' id='word_1_177' title='bbox 973 2276 1007 2335; x_wconf 89' lang='lat' dir='ltr'>ut</span> <span class='ocrx_word' id='word_1_178' title='bbox 1021 2269 1089 2328; x_wconf 82' lang='lat' dir='ltr'>adt</span> 
     </span>
     <span class='ocr_line' id='line_1_26' title="bbox 82 2351 1062 2428; baseline -0.002 -13"><span class='ocrx_word' id='word_1_179' title='bbox 82 2352 265 2415; x_wconf 81' lang='lat' dir='ltr'>hilaritatem</span> <span class='ocrx_word' id='word_1_180' title='bbox 280 2351 421 2415; x_wconf 85' lang='lat' dir='ltr'>homines</span> <span class='ocrx_word' id='word_1_181' title='bbox 437 2352 560 2428; x_wconf 90' lang='lat' dir='ltr'>publice</span> <span class='ocrx_word' id='word_1_182' title='bbox 576 2357 772 2428; x_wconf 78' lang='lat' dir='ltr'>cogerentur,</span> <span class='ocrx_word' id='word_1_183' title='bbox 786 2359 941 2428; x_wconf 87' lang='lat' dir='ltr'>tamquam</span> <span class='ocrx_word' id='word_1_184' title='bbox 954 2367 1062 2413; x_wconf 87' lang='lat' dir='ltr'>neces·</span> 
     </span>
     <span class='ocr_line' id='line_1_27' title="bbox 84 2435 1062 2512; baseline -0.003 -13"><span class='ocrx_word' id='word_1_185' title='bbox 84 2435 893 2512; x_wconf 74' lang='lat' dir='ltr'>sariumlaboriliusinterponentestemperamentum.</span> <span class='ocrx_word' id='word_1_186' title='bbox 912 2436 1062 2511; x_wconf 70' lang='lat' dir='ltr'>-atmagni</span> 
     </span>
     <span class='ocr_line' id='line_1_28' title="bbox 82 2519 1061 2604; baseline -0.002 -22"><span class='ocrx_word' id='word_1_187' title='bbox 82 2528 119 2582; x_wconf 90' lang='lat' dir='ltr'>ut</span> <span class='ocrx_word' id='word_1_188' title='bbox 139 2519 218 2594; x_wconf 87' lang='lat' dir='ltr'>dixi,</span> <span class='ocrx_word' id='word_1_189' title='bbox 243 2521 301 2581; x_wconf 87' lang='lat' dir='ltr'>viri</span> <span class='ocrx_word' id='word_1_190' title='bbox 323 2520 447 2598; x_wconf 87' lang='lat' dir='ltr'>quidam</span> <span class='ocrx_word' id='word_1_191' title='bbox 470 2519 529 2581; x_wconf 90' lang='lat' dir='ltr'>sibi</span> <span class='ocrx_word' id='word_1_192' title='bbox 543 2519 830 2604; x_wconf 63' lang='lat' dir='ltr'>,menstruascertis</span> <span class='ocrx_word' id='word_1_193' title='bbox 845 2520 954 2582; x_wconf 88' lang='lat' dir='ltr'>diebus</span> <span class='ocrx_word' id='word_1_194' title='bbox 970 2519 1061 2580; x_wconf 81' lang='lat' dir='ltr'>lenias</span> 
     </span>
     <span class='ocr_line' id='line_1_29' title="bbox 84 2601 1062 2681; baseline 0 -16"><span class='ocrx_word' id='word_1_195' title='bbox 84 2604 212 2678; x_wconf 89' lang='lat' dir='ltr'>dabant,</span> <span class='ocrx_word' id='word_1_196' title='bbox 231 2603 355 2681; x_wconf 90' lang='lat' dir='ltr'>quidam</span> <span class='ocrx_word' id='word_1_197' title='bbox 369 2604 485 2666; x_wconf 90' lang='lat' dir='ltr'>nullum</span> <span class='ocrx_word' id='word_1_198' title='bbox 499 2620 561 2665; x_wconf 92' lang='lat' dir='ltr'>non</span> <span class='ocrx_word' id='word_1_199' title='bbox 577 2605 657 2665; x_wconf 88' lang='lat' dir='ltr'>diem</span> <span class='ocrx_word' id='word_1_200' title='bbox 673 2601 751 2665; x_wconf 92' lang='lat' dir='ltr'>inter</span> <span class='ocrx_word' id='word_1_201' title='bbox 764 2604 858 2667; x_wconf 88' lang='lat' dir='ltr'>otium</span> <span class='ocrx_word' id='word_1_202' title='bbox 874 2612 905 2666; x_wconf 90' lang='lat' dir='ltr'>et</span> <span class='ocrx_word' id='word_1_203' title='bbox 915 2620 1005 2667; x_wconf 85' lang='lat' dir='ltr'>etuas</span> <span class='ocrx_word' id='word_1_204' title='bbox 1016 2605 1062 2665; x_wconf 90' lang='lat' dir='ltr'>di·</span> 
     </span>
     <span class='ocr_line' id='line_1_30' title="bbox 83 2687 1060 2771; baseline -0.002 -22"><span class='ocrx_word' id='word_1_205' title='bbox 83 2687 239 2749; x_wconf 86' lang='lat' dir='ltr'>videbant.</span> <span class='ocrx_word' id='word_1_206' title='bbox 262 2689 385 2764; x_wconf 88' lang='lat' dir='ltr'>qualem</span> <span class='ocrx_word' id='word_1_207' title='bbox 397 2687 564 2771; x_wconf 85' lang='lat' dir='ltr'>Pollionem</span> <span class='ocrx_word' id='word_1_208' title='bbox 577 2689 717 2751; x_wconf 82' lang='lat' dir='ltr'>Asinium</span> <span class='ocrx_word' id='word_1_209' title='bbox 732 2695 896 2762; x_wconf 83' lang='lat' dir='ltr'>[oratorem</span> <span class='ocrx_word' id='word_1_210' title='bbox 907 2694 1060 2764; x_wconf 70' lang='lat' dir='ltr'>mugilum]</span> 
     </span>
     <span class='ocr_line' id='line_1_31' title="bbox 83 2770 1063 2848; baseline -0.001 -18"><span class='ocrx_word' id='word_1_211' title='bbox 83 2770 292 2846; x_wconf 87' lang='lat' dir='ltr'>meminimus,</span> <span class='ocrx_word' id='word_1_212' title='bbox 317 2787 408 2848; x_wconf 83' lang='lat' dir='ltr'>quem</span> <span class='ocrx_word' id='word_1_213' title='bbox 429 2773 511 2834; x_wconf 87' lang='lat' dir='ltr'>nulla</span> <span class='ocrx_word' id='word_1_214' title='bbox 529 2788 582 2835; x_wconf 88' lang='lat' dir='ltr'>res</span> <span class='ocrx_word' id='word_1_215' title='bbox 595 2775 675 2841; x_wconf 80' lang='lat' dir='ltr'>ultra</span> <span class='ocrx_word' id='word_1_216' title='bbox 688 2772 849 2837; x_wconf 85' lang='lat' dir='ltr'>decumam</span> <span class='ocrx_word' id='word_1_217' title='bbox 861 2771 994 2838; x_wconf 82' lang='lat' dir='ltr'>retinuit.</span> <span class='ocrx_word' id='word_1_218' title='bbox 1015 2788 1063 2830; x_wconf 17' lang='lat' dir='ltr'>ine</span> 
     </span>
     <span class='ocr_line' id='line_1_32' title="bbox 84 2853 1064 2931; baseline -0.006 -15"><span class='ocrx_word' id='word_1_219' title='bbox 84 2853 236 2931; x_wconf 81' lang='lat' dir='ltr'>epistulas</span> <span class='ocrx_word' id='word_1_220' title='bbox 250 2854 376 2930; x_wconf 86' lang='lat' dir='ltr'>quidem</span> <span class='ocrx_word' id='word_1_221' title='bbox 390 2861 464 2930; x_wconf 86' lang='lat' dir='ltr'>post</span> <span class='ocrx_word' id='word_1_222' title='bbox 476 2871 544 2919; x_wconf 85' lang='lat' dir='ltr'>eam</span> <span class='ocrx_word' id='word_1_223' title='bbox 558 2856 666 2916; x_wconf 86' lang='lat' dir='ltr'>lroram</span> <span class='ocrx_word' id='word_1_224' title='bbox 679 2856 809 2930; x_wconf 82' lang='lat' dir='ltr'>legabat,</span> <span class='ocrx_word' id='word_1_225' title='bbox 818 2870 864 2915; x_wconf 88' lang='lat' dir='ltr'>ne</span> <span class='ocrx_word' id='word_1_226' title='bbox 879 2855 954 2928; x_wconf 80' lang='lat' dir='ltr'>quid</span> <span class='ocrx_word' id='word_1_227' title='bbox 963 2868 1064 2919; x_wconf 83' lang='lat' dir='ltr'>novae</span> 
     </span>
     <span class='ocr_line' id='line_1_33' title="bbox 85 2935 1063 3012; baseline -0.006 -11"><span class='ocrx_word' id='word_1_228' title='bbox 85 2955 180 3001; x_wconf 90' lang='lat' dir='ltr'>curae</span> <span class='ocrx_word' id='word_1_229' title='bbox 192 2943 382 3012; x_wconf 75' lang='lat' dir='ltr'>nasceretur,</span> <span class='ocrx_word' id='word_1_230' title='bbox 396 2939 453 3000; x_wconf 88' lang='lat' dir='ltr'>sed</span> <span class='ocrx_word' id='word_1_231' title='bbox 468 2939 562 3000; x_wconf 88' lang='lat' dir='ltr'>totius</span> <span class='ocrx_word' id='word_1_232' title='bbox 573 2938 635 2998; x_wconf 89' lang='lat' dir='ltr'>diei</span> <span class='ocrx_word' id='word_1_233' title='bbox 646 2937 859 3003; x_wconf 81' lang='lat' dir='ltr'>lassitudinem</span> <span class='ocrx_word' id='word_1_234' title='bbox 871 2936 992 3003; x_wconf 86' lang='lat' dir='ltr'>duabus</span> <span class='ocrx_word' id='word_1_235' title='bbox 1001 2935 1063 2995; x_wconf 91' lang='lat' dir='ltr'>illis</span> 
     </span>
     <span class='ocr_line' id='line_1_34' title="bbox 83 3016 1062 3099; baseline -0.007 -15"><span class='ocrx_word' id='word_1_236' title='bbox 83 3023 169 3086; x_wconf 90' lang='lat' dir='ltr'>horis</span> <span class='ocrx_word' id='word_1_237' title='bbox 182 3021 325 3099; x_wconf 85' lang='lat' dir='ltr'>ponebat.</span> <span class='ocrx_word' id='word_1_238' title='bbox 346 3021 471 3097; x_wconf 89' lang='lat' dir='ltr'>quidam</span> <span class='ocrx_word' id='word_1_239' title='bbox 480 3019 582 3083; x_wconf 87' lang='lat' dir='ltr'>medio</span> <span class='ocrx_word' id='word_1_240' title='bbox 591 3021 641 3081; x_wconf 87' lang='lat' dir='ltr'>die</span> <span class='ocrx_word' id='word_1_241' title='bbox 647 3019 887 3083; x_wconf 84' lang='lat' dir='ltr'>interiunxerunt</span> <span class='ocrx_word' id='word_1_242' title='bbox 897 3025 928 3079; x_wconf 92' lang='lat' dir='ltr'>et</span> <span class='ocrx_word' id='word_1_243' title='bbox 939 3016 1062 3095; x_wconf 88' lang='lat' dir='ltr'>inpost-</span> 
     </span>
     <span class='ocr_line' id='line_1_35' title="bbox 84 3101 1062 3182; baseline -0.006 -14"><span class='ocrx_word' id='word_1_244' title='bbox 84 3105 271 3168; x_wconf 88' lang='lat' dir='ltr'>meridianas</span> <span class='ocrx_word' id='word_1_245' title='bbox 286 3104 380 3166; x_wconf 90' lang='lat' dir='ltr'>horas</span> <span class='ocrx_word' id='word_1_246' title='bbox 395 3104 512 3182; x_wconf 89' lang='lat' dir='ltr'>aliquid</span> <span class='ocrx_word' id='word_1_247' title='bbox 523 3103 648 3166; x_wconf 88' lang='lat' dir='ltr'>levioris</span> <span class='ocrx_word' id='word_1_248' title='bbox 661 3118 775 3179; x_wconf 90' lang='lat' dir='ltr'>operae</span> <span class='ocrx_word' id='word_1_249' title='bbox 787 3101 977 3164; x_wconf 87' lang='lat' dir='ltr'>distulerunt.</span> <span class='ocrx_word' id='word_1_250' title='bbox 998 3119 1062 3162; x_wconf 89' lang='lat' dir='ltr'>ma-</span> 
     </span>
     <span class='ocr_line' id='line_1_36' title="bbox 83 3187 1062 3266; baseline -0.006 -16"><span class='ocrx_word' id='word_1_251' title='bbox 83 3191 168 3253; x_wconf 88' lang='lat' dir='ltr'>iores</span> <span class='ocrx_word' id='word_1_252' title='bbox 191 3205 316 3266; x_wconf 88' lang='lat' dir='ltr'>quoque</span> <span class='ocrx_word' id='word_1_253' title='bbox 335 3189 434 3251; x_wconf 85' lang='lat' dir='ltr'>nostri</span> <span class='ocrx_word' id='word_1_254' title='bbox 454 3205 566 3250; x_wconf 86' lang='lat' dir='ltr'>novam</span> <span class='ocrx_word' id='word_1_255' title='bbox 579 3187 757 3257; x_wconf 87' lang='lat' dir='ltr'>relationem</span> <span class='ocrx_word' id='word_1_256' title='bbox 773 3195 846 3263; x_wconf 91' lang='lat' dir='ltr'>post</span> <span class='ocrx_word' id='word_1_257' title='bbox 859 3188 966 3249; x_wconf 89' lang='lat' dir='ltr'>horam</span> <span class='ocrx_word' id='word_1_258' title='bbox 981 3187 1062 3248; x_wconf 87' lang='lat' dir='ltr'>deci·</span> 
     </span>
     <span class='ocr_line' id='line_1_37' title="bbox 83 3270 1061 3348; baseline -0.007 -13"><span class='ocrx_word' id='word_1_259' title='bbox 83 3289 168 3335; x_wconf 91' lang='lat' dir='ltr'>mam</span> <span class='ocrx_word' id='word_1_260' title='bbox 181 3273 212 3333; x_wconf 90' lang='lat' dir='ltr'>in</span> <span class='ocrx_word' id='word_1_261' title='bbox 228 3280 338 3334; x_wconf 87' lang='lat' dir='ltr'>senatu</span> <span class='ocrx_word' id='word_1_262' title='bbox 352 3273 418 3333; x_wconf 89' lang='lat' dir='ltr'>fieri</span> <span class='ocrx_word' id='word_1_263' title='bbox 432 3273 586 3335; x_wconf 85' lang='lat' dir='ltr'>vetabant.</span> <span class='ocrx_word' id='word_1_264' title='bbox 606 3273 693 3333; x_wconf 89' lang='lat' dir='ltr'>miles</span> <span class='ocrx_word' id='word_1_265' title='bbox 707 3270 825 3348; x_wconf 82' lang='lat' dir='ltr'>vigilias</span> <span class='ocrx_word' id='word_1_266' title='bbox 837 3270 946 3332; x_wconf 89' lang='lat' dir='ltr'>dividit</span> <span class='ocrx_word' id='word_1_267' title='bbox 956 3281 987 3331; x_wconf 91' lang='lat' dir='ltr'>et</span> <span class='ocrx_word' id='word_1_268' title='bbox 998 3286 1061 3329; x_wconf 91' lang='lat' dir='ltr'>nox</span> 
     </span>
     <span class='ocr_line' id='line_1_38' title="bbox 84 3355 1091 3432; baseline -0.002 -14"><span class='ocrx_word' id='word_1_269' title='bbox 84 3357 219 3419; x_wconf 88' lang='lat' dir='ltr'>inmunis</span> <span class='ocrx_word' id='word_1_270' title='bbox 235 3365 283 3419; x_wconf 89' lang='lat' dir='ltr'>est</span> <span class='ocrx_word' id='word_1_271' title='bbox 297 3357 335 3419; x_wconf 84' lang='lat' dir='ltr'>ab</span> <span class='ocrx_word' id='word_1_272' title='bbox 351 3357 548 3432; x_wconf 84' lang='lat' dir='ltr'>expeditione</span> <span class='ocrx_word' id='word_1_273' title='bbox 558 3357 769 3419; x_wconf 77' lang='lat' dir='ltr'>redeuntium</span> <span class='ocrx_word' id='word_1_274' title='bbox 780 3355 1003 3430; x_wconf 79' lang='lat' dir='ltr'>Indulgendum</span> <span class='ocrx_word' id='word_1_275' title='bbox 1015 3361 1091 3416; x_wconf 73' lang='lat' dir='ltr'>esta</span> 
     </span>
     <span class='ocr_line' id='line_1_39' title="bbox 86 3436 1062 3557; baseline -0.009 -54"><span class='ocrx_word' id='word_1_276' title='bbox 86 3442 189 3503; x_wconf 88' lang='lat' dir='ltr'>animo</span> <span class='ocrx_word' id='word_1_277' title='bbox 196 3439 394 3518; x_wconf 87' lang='lat' dir='ltr'>dandumque</span> <span class='ocrx_word' id='word_1_278' title='bbox 405 3439 538 3504; x_wconf 89' lang='lat' dir='ltr'>subinde</span> <span class='ocrx_word' id='word_1_279' title='bbox 550 3442 651 3517; x_wconf 90' lang='lat' dir='ltr'>otium,</span> <span class='ocrx_word' id='word_1_280' title='bbox 665 3441 751 3518; x_wconf 89' lang='lat' dir='ltr'>quod</span> <span class='ocrx_word' id='word_1_281' title='bbox 763 3436 1062 3557; x_wconf 49' lang='lat' dir='ltr'>alimentiacvirlum</span> 
     </span>
    </p>
   </div>
   <div class='ocr_carea' id='block_1_3' title="bbox 0 0 1197 3856">
    <p class='ocr_par' dir='ltr' id='par_1_3' title="bbox 0 0 1197 3856">
     <span class='ocr_line' id='line_1_40' title="bbox 0 0 1197 3856; baseline 0 0"><span class='ocrx_word' id='word_1_282' title='bbox 0 0 1197 3856; x_wconf 95' lang='lat' dir='ltr'> </span> 
     </span>
    </p>
   </div>
  </div>
 </body>
</html>
