2378 3856
103 207 878 282 Annelvtnnlltnrnltbbbconstitnaioltt.
890 223 916 274 5.
927 220 954 274 6.
974 210 1036 279 itti

63 363 180 428 victum
202 359 350 425 eninm:
361 369 444 424 tenet
459 363 640 441 exploratae
655 361 718 424 iam
732 361 891 426 limbatis.
923 380 994 434 nam
1006 364 1036 425 in

64 449 137 526 ipsa
152 447 298 508 latinitate
312 445 387 521 quid
402 453 509 508 contra
522 444 725 513 infelicitatem
738 446 868 520 valeret,
886 455 1036 522 expertus

64 542 122 594 est
155 533 263 606 ltaque
282 529 392 604 ego-in
412 528 487 603 illis„
508 542 588 605 qnae
603 537 845 605 omncscntant,
862 531 1071 598 existimavit

65 631 190 691 sempor
204 612 278 674 nillil
289 612 357 674 veri
370 611 446 674 boni·
459 611 583 676 inesse„
600 621 665 676 urm
677 610 781 675 inania
792 621 825 674 et
839 615 984 688 specioso
997 631 1036 676 ac

65 702 236 774 deceptum
260 698 332 758 inco
357 696 524 759 crennlita
547 696 666 769 invent,
693 695 773 759 intra
797 695 871 761 nihil
894 697 1038 763 habentia

65 784 158 844 tronti
168 797 248 843 abac
262 779 373 841 sbnitea
391 790 479 842 nunc
495 780 526 842 in
537 779 701 855 bis‚-quae
716 780 796 842 mala
809 788 971 855 vocantur,
992 784 1036 844 ni-

64 867 106 926 hil
121 871 183 927 uni
195 864 330 926 terribile
344 875 381 924 ac
397 863 508 926 durum
520 863 641 925 invenio
655 875 749 938 quam
766 863 870 939 opinio
886 865 968 940 volgi
982 864 1036 928 rni-

63 951 204 1028 nabatnr.
231 947 362 1009 verbum
379 946 503 1022 quidem
523 945 624 1022 ipsunt
643 948 846 1022 persuasione
860 949 993 1023 quadarn
1007 957 1038 1010 st

63 1047 222 1095 consensu
240 1029 301 1091 iarn
322 1030 464 1105 asperius
475 1031 517 1091 ad
533 1046 624 1093 aures
642 1031 726 1095 venit
737 1039 773 1095 et
786 1030 947 1095 adierim
961 1039 1036 1093 tarn·

64 1130 158 1192 qnam
177 1114 264 1176 triste
280 1119 314 1174 st
333 1112 523 1176 exsecrabile
538 1115 621 1176 ieritr
637 1115 678 1176 ita
691 1115 772 1175 einim
787 1117 922 1190 populus
938 1116 1035 1183 iussit.

64 1200 126 1261 sed-
138 1198 247 1274 ponci
261 1198 339 1260 scita
351 1213 393 1258 ex
406 1210 516 1271 manna
532 1205 617 1271 parte
632 1198 786 1272 sapientes
798 1199 959 1272 abrogant.

127 1283 178 1342 vt.
199 1282 329 1344 Rantotc
342 1295 415 1355 ergo
430 1280 544 1341 iudicio
560 1282 707 1356 plurium,
727 1298 808 1356 quos
823 1281 921 1356 mina
935 1285 1064 1346 ronan-1

62 1367 197 1443 species,
212 1373 377 1440 natumque
390 1364 507 1426 credita
521 1372 578 1437 est,
593 1366 700 1437 anteri,
714 1365 1037 1439 vincentianarum

63 1447 800 1522 sttcxiliunrznenrpelociconntutttic.
823 1456 1038 1523 neangustare

65 1534 173 1594 videar
193 1530 254 1592 vim
269 1532 336 1592 cius
351 1538 381 1591 et
396 1529 542 1606 quicquid
557 1531 725 1606 pessimun
740 1531 770 1593 in
786 1546 822 1595 sc
837 1531 943 1606 nabot,
965 1532 1037 1593 sub·

61 1617 198 1678 nabere:
213 1614 746 1679 hancconrnutationemloei
758 1617 1036 1690 sequnnturtn·

62 1699 277 1761 commoda:
295 1697 1035 1773 pannortanlgnominia,contemptus.
1055 1715 1070 1746 ⁸

65 1784 271 1843 Adversus
289 1780 366 1843 ista
380 1788 521 1856 postca
536 1782 763 1855 confligam:
788 1782 943 1846 interim
958 1783 1035 1857 pri-

63 1881 160 1927 muna
183 1865 283 1926 illud
307 1866 448 1927 intueri
471 1867 577 1938 volo,
604 1866 697 1940 quid
722 1865 855 1928 acerbi
882 1866 1036 1927 adierat

63 1949 503 2026 ipsalociconrnntatio
570 2010 572 2014 ,

128 2033 264 2106 „Carere
288 2032 388 2107 patria
412 2033 601 2095 intolerabile
624 2038 713 2093 est!
741 2032 879 2108 stslspice
904 2033 1064 2106 agedumi

63 2118 145 2178 hanc
160 2117 368 2190 frequentiam,
384 2132 434 2177 cur
444 2133 497 2177 vix
508 2115 614 2178 urbis
606 2128 765 2180 inmensae
774 2123 854 2182 tecta
866 2114 1036 2178 sititianum

64 2200 197 2261 maxima
218 2209 291 2274 pars
305 2199 394 2260 istius
408 2198 514 2261 nrbae
526 2199 626 2274 patria
641 2206 733 2265 caret
767 2214 806 2259 ex
819 2197 992 2272 municipiis
1007 2205 1038 2259 et

54 2283 195 2345 coloniis
222 2284 302 2357 suis,
328 2297 368 2344 ea
390 2289 454 2344 toto
472 2282 605 2357 deniqne
624 2281 699 2343 orbe
717 2289 863 2347 terrannn
878 2280 1036 2343 confluxe-

62 2375 143 2430 runt
175 2368 263 2428 Alios
284 2365 414 2427 adduxit
426 2365 567 2438 ambitio,
593 2364 670 2429 alios
685 2366 855 2430 necessitas
871 2363 964 2426 officii
981 2381 1035 2440 pn-

63 2451 152 2524 bitot,
172 2451 250 2522 alios
264 2449 400 2526 inposita
413 2450 540 2525 legatio,
562 2449 638 2513 alios
653 2449 774 2513 luxuria
786 2457 992 2527 opportunum
1008 2455 1037 2510 et

65 2535 240 2609 opulentum
257 2535 336 2596 viliis
349 2536 450 2597 locun
465 2548 628 2609 quaerens,
642 2535 721 2598 elios
736 2531 904 2597 liberalium
920 2533 1035 2595 studio·

64 2636 131 2680 ram
145 2619 312 2694 cupiditas,
328 2618 405 2680 alos
420 2619 606 2693 spectacula.
621 2618 780 2692 quondan
793 2619 883 2684 traxit
896 2617 1035 2690 amicitia,

63 2703 217 2778 quosdam
232 2702 382 2765 industria
397 2704 496 2765 laxam
512 2702 724 2768 ostendendae
739 2703 840 2767 virtuti
852 2709 962 2770 nancta
973 2717 1035 2767 tna·

64 2788 181 2846 tariann
213 2786 336 2859 quidam
349 2787 488 2848 venalem
501 2786 631 2849 tonnam
644 2787 831 2858 adulterent,
846 2787 970 2860 qnidam
983 2799 1036 2845 ve-

64 2869 166 2929 nalem
187 2868 398 2941 eloquentiam.
429 2868 550 2930 Nullum
563 2883 626 2930 non
639 2868 797 2931 bominum
810 2879 910 2941 genus
925 2870 1066 2928 concil-3

65 2949 159 3013 currit
173 2950 203 3009 in
219 2951 327 3010 unbem
340 2957 369 3010 et
382 2950 543 3012 virtutibns
557 2957 588 3009 et
600 2949 804 3024 villamagna
815 2949 1036 3024 orelianonen-

64 3046 135 3096 tem.
166 3033 241 3094 lube
255 3033 332 3093 istos
347 3048 454 3095 ornnes
470 3033 510 3095 ad
523 3047 633 3097 nomen
649 3033 733 3095 citari
747 3040 777 3095 et
796 3033 905 3106 „unde
919 3033 1054 3096 domo“·

66 3120 199 3194 quisque
221 3117 260 3179 sit
275 3131 403 3192 quaere:
425 3116 543 3176 videbis
558 3116 702 3179 maiorem
718 3123 835 3192 partein
848 3132 935 3190 esse,
955 3132 1038 3192 quae

64 3201 178 3262 relictis
200 3200 326 3261 sedibus
349 3200 414 3260 suis
429 3198 548 3261 venerit
561 3201 591 3261 in
607 3201 768 3264 maxirnant
784 3200 905 3274 quidem
920 3214 956 3264 ac
972 3201 1037 3276 pul-

65 3284 248 3346 cherrimam
261 3284 383 3359 urbem,
394 3290 573 3348 nontamen
588 3300 684 3349 sum
705 3285 822 3347 Deinde
837 3285 876 3346 ab
891 3284 950 3345 hnc
965 3280 1066 3344 civi-t

64 3375 128 3427 tnte
147 3368 289 3444 discede,
310 3384 391 3444 quae
407 3360 502 3428 ¹soluti
518 3370 692 3433 communis
710 3376 814 3445 potest
827 3367 898 3428 diei.
931 3381 1038 3427 omncs

65 3452 160 3512 urbes
174 3453 310 3513 circumit
319 3455 409 3594 lnulla
420 3467 482 3512 non
490 3468 632 3528 stagnani
645 3450 952 3529 partern'peregrinae
963 3451 1038 3511 mul·

109 3555 210 3594 sarraca
228 3555 297 3595 nnn.
332 3582 339 3596 .
852 3542 885 3596 16
