<?xml version="1.0" encoding="UTF-8"?>
<!DOCTYPE html PUBLIC "-//W3C//DTD XHTML 1.0 Transitional//EN"
    "http://www.w3.org/TR/xhtml1/DTD/xhtml1-transitional.dtd">
<html xmlns="http://www.w3.org/1999/xhtml" xml:lang="en" lang="en">
 <head>
  <title>
</title>
<meta http-equiv="Content-Type" content="text/html;charset=utf-8" />
  <meta name='ocr-system' content='tesseract 3.04.00' />
  <meta name='ocr-capabilities' content='ocr_page ocr_carea ocr_par ocr_line ocrx_word'/>
</head>
<body>
  <div class='ocr_page' id='page_1' title='image "./lannaeisenecaeo03senegoog_0265.png"; bbox 0 0 2378 3856; ppageno 0'>
   <div class='ocr_carea' id='block_1_1' title="bbox 112 184 906 261">
    <p class='ocr_par' dir='ltr' id='par_1_1' title="bbox 112 184 906 261">
     <span class='ocr_line' id='line_1_1' title="bbox 112 184 906 261; baseline -0.005 -8"><span class='ocrx_word' id='word_1_1' title='bbox 112 186 174 253; x_wconf 73' lang='lat'><strong>248</strong></span> <span class='ocrx_word' id='word_1_2' title='bbox 313 186 360 261; x_wconf 72' lang='lat' dir='ltr'><strong>¹L.</strong></span> <span class='ocrx_word' id='word_1_3' title='bbox 372 186 517 247; x_wconf 73' lang='lat' dir='ltr'><strong>Annum</strong></span> <span class='ocrx_word' id='word_1_4' title='bbox 533 184 708 247; x_wconf 77' lang='lat' dir='ltr'><strong>sentem:</strong></span> <span class='ocrx_word' id='word_1_5' title='bbox 723 186 825 247; x_wconf 73' lang='lat' dir='ltr'><strong>othe.</strong></span> <span class='ocrx_word' id='word_1_6' title='bbox 839 184 906 249; x_wconf 85' lang='lat' dir='ltr'><strong>xtl.</strong></span> 
     </span>
    </p>
   </div>
   <div class='ocr_carea' id='block_1_2' title="bbox 82 334 1091 3495">
    <p class='ocr_par' dir='ltr' id='par_1_2' title="bbox 82 334 1091 3495">
     <span class='ocr_line' id='line_1_2' title="bbox 113 334 1089 413; baseline -0.003 -13"><span class='ocrx_word' id='word_1_7' title='bbox 113 354 166 400; x_wconf 84' lang='lat' dir='ltr'><strong>sar</strong></span> <span class='ocrx_word' id='word_1_8' title='bbox 179 340 354 413; x_wconf 80' lang='lat' dir='ltr'><strong>Augustus,</strong></span> <span class='ocrx_word' id='word_1_9' title='bbox 375 349 467 413; x_wconf 87' lang='lat' dir='ltr'><strong>quent</strong></span> <span class='ocrx_word' id='word_1_10' title='bbox 481 334 553 396; x_wconf 91' lang='lat' dir='ltr'><strong>mihi</strong></span> <span class='ocrx_word' id='word_1_11' title='bbox 569 335 689 397; x_wconf 87' lang='lat' dir='ltr'><strong>videtur</strong></span> <span class='ocrx_word' id='word_1_12' title='bbox 702 350 802 396; x_wconf 85' lang='lat' dir='ltr'><strong>rerum</strong></span> <span class='ocrx_word' id='word_1_13' title='bbox 819 343 929 397; x_wconf 82' lang='lat' dir='ltr'><strong>natura</strong></span> <span class='ocrx_word' id='word_1_14' title='bbox 942 334 1089 411; x_wconf 72' lang='lat' dir='ltr'><strong>edidisse,</strong></span> 
     </span>
     <span class='ocr_line' id='line_1_3' title="bbox 112 418 1089 495; baseline -0.005 -11"><span class='ocrx_word' id='word_1_15' title='bbox 112 431 147 485; x_wconf 93' lang='lat' dir='ltr'><strong>ut</strong></span> <span class='ocrx_word' id='word_1_16' title='bbox 167 422 358 494; x_wconf 79' lang='lat' dir='ltr'><strong>ostenderet,</strong></span> <span class='ocrx_word' id='word_1_17' title='bbox 380 418 454 495; x_wconf 88' lang='lat' dir='ltr'><strong>quid</strong></span> <span class='ocrx_word' id='word_1_18' title='bbox 475 435 593 479; x_wconf 89' lang='lat' dir='ltr'><strong>summa</strong></span> <span class='ocrx_word' id='word_1_19' title='bbox 613 419 686 480; x_wconf 90' lang='lat' dir='ltr'><strong>vitia</strong></span> <span class='ocrx_word' id='word_1_20' title='bbox 699 420 730 479; x_wconf 90' lang='lat' dir='ltr'><strong>ln</strong></span> <span class='ocrx_word' id='word_1_21' title='bbox 745 432 866 480; x_wconf 85' lang='lat' dir='ltr'><strong>summo</strong></span> <span class='ocrx_word' id='word_1_22' title='bbox 879 418 1006 481; x_wconf 76' lang='lat' dir='ltr'><strong>fortuna</strong></span> <span class='ocrx_word' id='word_1_23' title='bbox 1019 434 1089 495; x_wconf 73' lang='lat' dir='ltr'><strong>pos</strong></span> 
     </span>
     <span class='ocr_line' id='line_1_4' title="bbox 113 502 1088 579; baseline -0.002 -12"><span class='ocrx_word' id='word_1_24' title='bbox 113 513 195 579; x_wconf 88' lang='lat' dir='ltr'><strong>sent,</strong></span> <span class='ocrx_word' id='word_1_25' title='bbox 218 505 334 565; x_wconf 76' lang='lat' dir='ltr'><strong>centies</strong></span> <span class='ocrx_word' id='word_1_26' title='bbox 358 503 499 563; x_wconf 87' lang='lat' dir='ltr'><strong>sestertio</strong></span> <span class='ocrx_word' id='word_1_27' title='bbox 524 503 666 565; x_wconf 86' lang='lat' dir='ltr'><strong>coenavit</strong></span> <span class='ocrx_word' id='word_1_28' title='bbox 685 518 747 564; x_wconf 89' lang='lat' dir='ltr'><strong>uno</strong></span> <span class='ocrx_word' id='word_1_29' title='bbox 772 502 832 563; x_wconf 86' lang='lat' dir='ltr'><strong>die.</strong></span> <span class='ocrx_word' id='word_1_30' title='bbox 859 502 936 563; x_wconf 87' lang='lat' dir='ltr'><strong>etin</strong></span> <span class='ocrx_word' id='word_1_31' title='bbox 951 502 1014 564; x_wconf 90' lang='lat' dir='ltr'><strong>hoc</strong></span> <span class='ocrx_word' id='word_1_32' title='bbox 1028 518 1088 565; x_wconf 83' lang='lat' dir='ltr'><strong>om</strong></span> 
     </span>
     <span class='ocr_line' id='line_1_5' title="bbox 114 584 1090 662; baseline -0.001 -13"><span class='ocrx_word' id='word_1_33' title='bbox 114 592 196 649; x_wconf 90' lang='lat' dir='ltr'><strong>ntum</strong></span> <span class='ocrx_word' id='word_1_34' title='bbox 218 588 340 648; x_wconf 89' lang='lat' dir='ltr'><strong>adiutus</strong></span> <span class='ocrx_word' id='word_1_35' title='bbox 355 586 477 662; x_wconf 81' lang='lat' dir='ltr'><strong>ingenio</strong></span> <span class='ocrx_word' id='word_1_36' title='bbox 493 587 543 646; x_wconf 82' lang='lat' dir='ltr'><strong>vix</strong></span> <span class='ocrx_word' id='word_1_37' title='bbox 559 594 659 647; x_wconf 82' lang='lat' dir='ltr'><strong>tamen</strong></span> <span class='ocrx_word' id='word_1_38' title='bbox 674 586 804 659; x_wconf 89' lang='lat' dir='ltr'><strong>invenit,</strong></span> <span class='ocrx_word' id='word_1_39' title='bbox 826 584 988 662; x_wconf 85' lang='lat' dir='ltr'><strong>quomodo</strong></span> <span class='ocrx_word' id='word_1_40' title='bbox 1003 587 1090 648; x_wconf 86' lang='lat' dir='ltr'><strong>trium</strong></span> 
     </span>
     <span class='ocr_line' id='line_1_6' title="bbox 85 666 1086 748; baseline -0.001 -17"><span class='ocrx_word' id='word_1_41' title='bbox 85 670 342 748; x_wconf 66' lang='lat' dir='ltr'><strong>sprevinciarum</strong></span> <span class='ocrx_word' id='word_1_42' title='bbox 361 670 506 732; x_wconf 86' lang='lat' dir='ltr'><strong>tributum</strong></span> <span class='ocrx_word' id='word_1_43' title='bbox 528 685 591 731; x_wconf 92' lang='lat' dir='ltr'><strong>una</strong></span> <span class='ocrx_word' id='word_1_44' title='bbox 606 684 702 732; x_wconf 85' lang='lat' dir='ltr'><strong>coena</strong></span> <span class='ocrx_word' id='word_1_45' title='bbox 716 670 813 730; x_wconf 88' lang='lat' dir='ltr'><strong>lieret.</strong></span> <span class='ocrx_word' id='word_1_46' title='bbox 846 666 1086 742; x_wconf 77' lang='lat' dir='ltr'><strong>Omisersbiles,</strong></span> 
     </span>
     <span class='ocr_line' id='line_1_7' title="bbox 115 753 1085 832; baseline -0.006 -15"><span class='ocrx_word' id='word_1_47' title='bbox 115 768 245 832; x_wconf 92' lang='lat' dir='ltr'><strong>quorum</strong></span> <span class='ocrx_word' id='word_1_48' title='bbox 263 756 398 831; x_wconf 86' lang='lat' dir='ltr'><strong>palatum</strong></span> <span class='ocrx_word' id='word_1_49' title='bbox 419 754 477 813; x_wconf 86' lang='lat' dir='ltr'><strong>nisi</strong></span> <span class='ocrx_word' id='word_1_50' title='bbox 497 754 537 815; x_wconf 90' lang='lat' dir='ltr'><strong>ad</strong></span> <span class='ocrx_word' id='word_1_51' title='bbox 559 755 712 829; x_wconf 88' lang='lat' dir='ltr'><strong>pretiosos</strong></span> <span class='ocrx_word' id='word_1_52' title='bbox 732 753 819 815; x_wconf 88' lang='lat' dir='ltr'><strong>cibos</strong></span> <span class='ocrx_word' id='word_1_53' title='bbox 839 767 904 813; x_wconf 93' lang='lat' dir='ltr'><strong>non</strong></span> <span class='ocrx_word' id='word_1_54' title='bbox 924 754 1085 815; x_wconf 77' lang='lat' dir='ltr'><strong>excitetur!</strong></span> 
     </span>
     <span class='ocr_line' id='line_1_8' title="bbox 113 834 1087 915; baseline -0.001 -16"><span class='ocrx_word' id='word_1_55' title='bbox 113 840 270 915; x_wconf 80' lang='lat' dir='ltr'><strong>pretiosos</strong></span> <span class='ocrx_word' id='word_1_56' title='bbox 291 846 391 898; x_wconf 90' lang='lat' dir='ltr'><strong>autem</strong></span> <span class='ocrx_word' id='word_1_57' title='bbox 413 852 475 897; x_wconf 92' lang='lat' dir='ltr'><strong>non</strong></span> <span class='ocrx_word' id='word_1_58' title='bbox 496 838 626 897; x_wconf 86' lang='lat' dir='ltr'><strong>eximius</strong></span> <span class='ocrx_word' id='word_1_59' title='bbox 648 852 744 914; x_wconf 81' lang='lat' dir='ltr'><strong>sapor</strong></span> <span class='ocrx_word' id='word_1_60' title='bbox 761 845 812 898; x_wconf 81' lang='lat' dir='ltr'><strong>aut</strong></span> <span class='ocrx_word' id='word_1_61' title='bbox 831 834 938 912; x_wconf 83' lang='lat' dir='ltr'><strong>aliquo</strong></span> <span class='ocrx_word' id='word_1_62' title='bbox 958 836 1087 899; x_wconf 75' lang='lat' dir='ltr'><strong>mucium</strong></span> 
     </span>
     <span class='ocr_line' id='line_1_9' title="bbox 115 918 1085 996; baseline 0 -15"><span class='ocrx_word' id='word_1_63' title='bbox 115 922 254 991; x_wconf 78' lang='lat' dir='ltr'><strong>dulcedo,</strong></span> <span class='ocrx_word' id='word_1_64' title='bbox 271 921 327 981; x_wconf 88' lang='lat' dir='ltr'><strong>sed</strong></span> <span class='ocrx_word' id='word_1_65' title='bbox 340 918 449 980; x_wconf 78' lang='lat' dir='ltr'><strong>radms</strong></span> <span class='ocrx_word' id='word_1_66' title='bbox 463 926 493 979; x_wconf 87' lang='lat' dir='ltr'><strong>et</strong></span> <span class='ocrx_word' id='word_1_67' title='bbox 504 919 669 981; x_wconf 81' lang='lat' dir='ltr'><strong>difficultas</strong></span> <span class='ocrx_word' id='word_1_68' title='bbox 681 918 898 996; x_wconf 84' lang='lat' dir='ltr'><strong>pamndilecit</strong></span> <span class='ocrx_word' id='word_1_69' title='bbox 918 918 1085 996; x_wconf 83' lang='lat' dir='ltr'><strong>alioquinsi</strong></span> 
     </span>
     <span class='ocr_line' id='line_1_10' title="bbox 114 1002 1084 1080; baseline 0 -16"><span class='ocrx_word' id='word_1_70' title='bbox 114 1002 334 1064; x_wconf 84' lang='lat' dir='ltr'><strong>adsonemitlls</strong></span> <span class='ocrx_word' id='word_1_71' title='bbox 343 1009 474 1063; x_wconf 85' lang='lat' dir='ltr'><strong>mentem</strong></span> <span class='ocrx_word' id='word_1_72' title='bbox 483 1004 729 1078; x_wconf 85' lang='lat' dir='ltr'><strong>placeatreverti,</strong></span> <span class='ocrx_word' id='word_1_73' title='bbox 742 1003 816 1080; x_wconf 90' lang='lat' dir='ltr'><strong>qnid</strong></span> <span class='ocrx_word' id='word_1_74' title='bbox 824 1016 906 1079; x_wconf 86' lang='lat' dir='ltr'><strong>opus</strong></span> <span class='ocrx_word' id='word_1_75' title='bbox 914 1002 1084 1066; x_wconf 78' lang='lat' dir='ltr'><strong>esttotort‘r</strong></span> 
     </span>
     <span class='ocr_line' id='line_1_11' title="bbox 114 1085 1086 1163; baseline 0.001 -15"><span class='ocrx_word' id='word_1_76' title='bbox 114 1088 173 1148; x_wconf 88' lang='lat' dir='ltr'><strong>bus</strong></span> <span class='ocrx_word' id='word_1_77' title='bbox 185 1086 282 1146; x_wconf 86' lang='lat' dir='ltr'><strong>ventri</strong></span> <span class='ocrx_word' id='word_1_78' title='bbox 295 1085 519 1147; x_wconf 85' lang='lat' dir='ltr'><strong>servientihnst</strong></span> <span class='ocrx_word' id='word_1_79' title='bbox 535 1087 609 1161; x_wconf 87' lang='lat' dir='ltr'><strong>quid</strong></span> <span class='ocrx_word' id='word_1_80' title='bbox 620 1087 821 1149; x_wconf 80' lang='lat' dir='ltr'><strong>mercaturist</strong></span> <span class='ocrx_word' id='word_1_81' title='bbox 833 1086 909 1163; x_wconf 82' lang='lat' dir='ltr'><strong>quid</strong></span> <span class='ocrx_word' id='word_1_82' title='bbox 920 1086 1086 1149; x_wconf 78' lang='lat' dir='ltr'><strong>nasutum</strong></span> 
     </span>
     <span class='ocr_line' id='line_1_12' title="bbox 114 1168 1083 1247; baseline -0.001 -16"><span class='ocrx_word' id='word_1_83' title='bbox 114 1170 280 1231; x_wconf 87' lang='lat' dir='ltr'><strong>silvarumt</strong></span> <span class='ocrx_word' id='word_1_84' title='bbox 293 1169 367 1247; x_wconf 89' lang='lat' dir='ltr'><strong>quid</strong></span> <span class='ocrx_word' id='word_1_85' title='bbox 382 1170 795 1246; x_wconf 82' lang='lat' dir='ltr'><strong>prolundlperscmtetionet</strong></span> <span class='ocrx_word' id='word_1_86' title='bbox 804 1168 1083 1247; x_wconf 83' lang='lat' dir='ltr'><strong>pessimiecentoti·</strong></span> 
     </span>
     <span class='ocr_line' id='line_1_13' title="bbox 113 1252 1084 1331; baseline 0.001 -17"><span class='ocrx_word' id='word_1_87' title='bbox 113 1262 223 1327; x_wconf 86' lang='lat' dir='ltr'><strong>menta,</strong></span> <span class='ocrx_word' id='word_1_88' title='bbox 237 1270 316 1329; x_wconf 85' lang='lat' dir='ltr'><strong>quae</strong></span> <span class='ocrx_word' id='word_1_89' title='bbox 326 1269 427 1314; x_wconf 89' lang='lat' dir='ltr'><strong>rerum</strong></span> <span class='ocrx_word' id='word_1_90' title='bbox 440 1256 694 1317; x_wconf 87' lang='lat' dir='ltr'><strong>natumomnibus</strong></span> <span class='ocrx_word' id='word_1_91' title='bbox 701 1255 779 1315; x_wconf 90' lang='lat' dir='ltr'><strong>locis</strong></span> <span class='ocrx_word' id='word_1_92' title='bbox 786 1252 943 1330; x_wconf 83' lang='lat' dir='ltr'><strong>deposuit,</strong></span> <span class='ocrx_word' id='word_1_93' title='bbox 950 1252 1084 1331; x_wconf 70' lang='lat' dir='ltr'><strong>sedisset</strong></span> 
     </span>
     <span class='ocr_line' id='line_1_14' title="bbox 113 1336 1082 1414; baseline -0.004 -16"><span class='ocrx_word' id='word_1_94' title='bbox 113 1339 196 1399; x_wconf 91' lang='lat' dir='ltr'><strong>velut</strong></span> <span class='ocrx_word' id='word_1_95' title='bbox 212 1339 296 1398; x_wconf 91' lang='lat' dir='ltr'><strong>caeci</strong></span> <span class='ocrx_word' id='word_1_96' title='bbox 304 1344 499 1398; x_wconf 86' lang='lat' dir='ltr'><strong>transcuntet</strong></span> <span class='ocrx_word' id='word_1_97' title='bbox 505 1348 614 1400; x_wconf 86' lang='lat' dir='ltr'><strong>ornnes</strong></span> <span class='ocrx_word' id='word_1_98' title='bbox 620 1338 766 1414; x_wconf 80' lang='lat' dir='ltr'><strong>regiones</strong></span> <span class='ocrx_word' id='word_1_99' title='bbox 771 1342 990 1414; x_wconf 78' lang='lat' dir='ltr'><strong>pervagentur,</strong></span> <span class='ocrx_word' id='word_1_100' title='bbox 998 1336 1082 1397; x_wconf 85' lang='lat' dir='ltr'><strong>meria</strong></span> 
     </span>
     <span class='ocr_line' id='line_1_15' title="bbox 113 1420 1082 1498; baseline -0.004 -15"><span class='ocrx_word' id='word_1_101' title='bbox 113 1421 254 1483; x_wconf 85' lang='lat' dir='ltr'><strong>traiciunt</strong></span> <span class='ocrx_word' id='word_1_102' title='bbox 275 1428 321 1495; x_wconf 89' lang='lat' dir='ltr'><strong>et,</strong></span> <span class='ocrx_word' id='word_1_103' title='bbox 342 1436 411 1481; x_wconf 90' lang='lat' dir='ltr'><strong>cum</strong></span> <span class='ocrx_word' id='word_1_104' title='bbox 430 1422 540 1482; x_wconf 81' lang='lat' dir='ltr'><strong>lumem</strong></span> <span class='ocrx_word' id='word_1_105' title='bbox 560 1423 672 1496; x_wconf 82' lang='lat' dir='ltr'><strong>exiguo</strong></span> <span class='ocrx_word' id='word_1_106' title='bbox 693 1420 815 1498; x_wconf 83' lang='lat' dir='ltr'><strong>possint</strong></span> <span class='ocrx_word' id='word_1_107' title='bbox 834 1420 963 1496; x_wconf 80' lang='lat' dir='ltr'><strong>sedere,</strong></span> <span class='ocrx_word' id='word_1_108' title='bbox 980 1430 1082 1495; x_wconf 69' lang='lat' dir='ltr'><strong>magno</strong></span> 
     </span>
     <span class='ocr_line' id='line_1_16' title="bbox 84 1502 1081 1582; baseline -0.007 -12"><span class='ocrx_word' id='word_1_109' title='bbox 84 1506 243 1571; x_wconf 84' lang='lat' dir='ltr'><strong>oinritant</strong></span> <span class='ocrx_word' id='word_1_110' title='bbox 267 1505 354 1563; x_wconf 90' lang='lat' dir='ltr'><strong>Libet</strong></span> <span class='ocrx_word' id='word_1_111' title='bbox 374 1505 492 1564; x_wconf 82' lang='lat' dir='ltr'><strong>dicere:</strong></span> <span class='ocrx_word' id='word_1_112' title='bbox 514 1505 589 1581; x_wconf 86' lang='lat' dir='ltr'><strong>quid</strong></span> <span class='ocrx_word' id='word_1_113' title='bbox 609 1505 759 1567; x_wconf 82' lang='lat' dir='ltr'><strong>deducitis</strong></span> <span class='ocrx_word' id='word_1_114' title='bbox 780 1510 899 1565; x_wconf 77' lang='lat' dir='ltr'><strong>nonest</strong></span> <span class='ocrx_word' id='word_1_115' title='bbox 924 1502 1003 1582; x_wconf 81' lang='lat' dir='ltr'><strong>quid</strong></span> <span class='ocrx_word' id='word_1_116' title='bbox 1026 1514 1081 1563; x_wconf 84' lang='lat' dir='ltr'><strong>mt-</strong></span> 
     </span>
     <span class='ocr_line' id='line_1_17' title="bbox 113 1587 1083 1651; baseline -0.003 -3"><span class='ocrx_word' id='word_1_117' title='bbox 113 1603 172 1648; x_wconf 89' lang='lat' dir='ltr'><strong>nus</strong></span> <span class='ocrx_word' id='word_1_118' title='bbox 198 1593 228 1647; x_wconf 92' lang='lat' dir='ltr'><strong>et</strong></span> <span class='ocrx_word' id='word_1_119' title='bbox 255 1587 405 1648; x_wconf 86' lang='lat' dir='ltr'><strong>adversus</strong></span> <span class='ocrx_word' id='word_1_120' title='bbox 435 1589 517 1649; x_wconf 89' lang='lat' dir='ltr'><strong>ieras</strong></span> <span class='ocrx_word' id='word_1_121' title='bbox 546 1597 577 1650; x_wconf 85' lang='lat' dir='ltr'><strong>et</strong></span> <span class='ocrx_word' id='word_1_122' title='bbox 604 1590 755 1651; x_wconf 84' lang='lat' dir='ltr'><strong>adversus</strong></span> <span class='ocrx_word' id='word_1_123' title='bbox 776 1588 918 1649; x_wconf 90' lang='lat' dir='ltr'><strong>homines</strong></span> <span class='ocrx_word' id='word_1_124' title='bbox 945 1587 1083 1649; x_wconf 76' lang='lat' dir='ltr'><strong>annuunt</strong></span> 
     </span>
     <span class='ocr_line' id='line_1_18' title="bbox 114 1664 1083 1749; baseline 0.003 -18"><span class='ocrx_word' id='word_1_125' title='bbox 114 1664 188 1748; x_wconf 87' lang='lat' dir='ltr'><strong>quid</strong></span> <span class='ocrx_word' id='word_1_126' title='bbox 209 1677 292 1731; x_wconf 90' lang='lat' dir='ltr'><strong>tanto</strong></span> <span class='ocrx_word' id='word_1_127' title='bbox 308 1672 436 1732; x_wconf 91' lang='lat' dir='ltr'><strong>tumultu</strong></span> <span class='ocrx_word' id='word_1_128' title='bbox 449 1670 640 1733; x_wconf 82' lang='lat' dir='ltr'><strong>discurritist</strong></span> <span class='ocrx_word' id='word_1_129' title='bbox 661 1674 735 1749; x_wconf 89' lang='lat' dir='ltr'><strong>quid</strong></span> <span class='ocrx_word' id='word_1_130' title='bbox 749 1682 826 1748; x_wconf 90' lang='lat' dir='ltr'><strong>opes</strong></span> <span class='ocrx_word' id='word_1_131' title='bbox 841 1671 955 1748; x_wconf 82' lang='lat' dir='ltr'><strong>opibus</strong></span> <span class='ocrx_word' id='word_1_132' title='bbox 970 1668 1083 1749; x_wconf 64' lang='lat' dir='ltr'><strong>adsui*</strong></span> 
     </span>
     <span class='ocr_line' id='line_1_19' title="bbox 114 1751 1084 1833; baseline -0.003 -18"><span class='ocrx_word' id='word_1_133' title='bbox 114 1754 174 1816; x_wconf 82' lang='lat' dir='ltr'><strong>tlst</strong></span> <span class='ocrx_word' id='word_1_134' title='bbox 187 1766 249 1814; x_wconf 88' lang='lat' dir='ltr'><strong>non</strong></span> <span class='ocrx_word' id='word_1_135' title='bbox 265 1754 356 1815; x_wconf 88' lang='lat' dir='ltr'><strong>vultis</strong></span> <span class='ocrx_word' id='word_1_136' title='bbox 372 1755 520 1829; x_wconf 77' lang='lat' dir='ltr'><strong>cogitare,</strong></span> <span class='ocrx_word' id='word_1_137' title='bbox 538 1770 630 1831; x_wconf 84' lang='lat' dir='ltr'><strong>quam</strong></span> <span class='ocrx_word' id='word_1_138' title='bbox 644 1770 741 1831; x_wconf 85' lang='lat' dir='ltr'><strong>parva</strong></span> <span class='ocrx_word' id='word_1_139' title='bbox 753 1751 844 1817; x_wconf 84' lang='lat' dir='ltr'><strong>vobis</strong></span> <span class='ocrx_word' id='word_1_140' title='bbox 860 1766 998 1833; x_wconf 79' lang='lat' dir='ltr'><strong>corporo</strong></span> <span class='ocrx_word' id='word_1_141' title='bbox 1010 1754 1084 1815; x_wconf 84' lang='lat' dir='ltr'><strong>slntt</strong></span> 
     </span>
     <span class='ocr_line' id='line_1_20' title="bbox 114 1835 1082 1910; baseline -0.003 -12"><span class='ocrx_word' id='word_1_142' title='bbox 114 1852 216 1898; x_wconf 90' lang='lat' dir='ltr'><strong>nonne</strong></span> <span class='ocrx_word' id='word_1_143' title='bbox 237 1839 322 1897; x_wconf 90' lang='lat' dir='ltr'><strong>iuror</strong></span> <span class='ocrx_word' id='word_1_144' title='bbox 336 1846 366 1897; x_wconf 92' lang='lat' dir='ltr'><strong>et</strong></span> <span class='ocrx_word' id='word_1_145' title='bbox 379 1836 503 1899; x_wconf 88' lang='lat' dir='ltr'><strong>ultimus</strong></span> <span class='ocrx_word' id='word_1_146' title='bbox 517 1840 663 1900; x_wconf 89' lang='lat' dir='ltr'><strong>mentium</strong></span> <span class='ocrx_word' id='word_1_147' title='bbox 677 1852 763 1900; x_wconf 83' lang='lat' dir='ltr'><strong>error</strong></span> <span class='ocrx_word' id='word_1_148' title='bbox 777 1842 839 1910; x_wconf 86' lang='lat' dir='ltr'><strong>est,</strong></span> <span class='ocrx_word' id='word_1_149' title='bbox 862 1852 934 1900; x_wconf 86' lang='lat' dir='ltr'><strong>enm</strong></span> <span class='ocrx_word' id='word_1_150' title='bbox 949 1844 1012 1899; x_wconf 84' lang='lat' dir='ltr'><strong>tam</strong></span> <span class='ocrx_word' id='word_1_151' title='bbox 1024 1835 1082 1896; x_wconf 86' lang='lat' dir='ltr'><strong>cxi·</strong></span> 
     </span>
     <span class='ocr_line' id='line_1_21' title="bbox 114 1918 1084 1998; baseline 0.002 -18"><span class='ocrx_word' id='word_1_152' title='bbox 114 1934 208 1996; x_wconf 85' lang='lat' dir='ltr'><strong>guum</strong></span> <span class='ocrx_word' id='word_1_153' title='bbox 224 1920 340 1995; x_wconf 89' lang='lat' dir='ltr'><strong>capias,</strong></span> <span class='ocrx_word' id='word_1_154' title='bbox 354 1933 468 1996; x_wconf 91' lang='lat' dir='ltr'><strong>cupere</strong></span> <span class='ocrx_word' id='word_1_155' title='bbox 482 1922 629 1984; x_wconf 89' lang='lat' dir='ltr'><strong>multumt</strong></span> <span class='ocrx_word' id='word_1_156' title='bbox 649 1922 734 1984; x_wconf 82' lang='lat' dir='ltr'><strong>Licet</strong></span> <span class='ocrx_word' id='word_1_157' title='bbox 747 1918 852 1998; x_wconf 80' lang='lat' dir='ltr'><strong>ltaque</strong></span> <span class='ocrx_word' id='word_1_158' title='bbox 865 1920 1007 1997; x_wconf 74' lang='lat' dir='ltr'><strong>augeatis</strong></span> <span class='ocrx_word' id='word_1_159' title='bbox 1018 1930 1084 1982; x_wconf 73' lang='lat' dir='ltr'><strong>octe</strong></span> 
     </span>
     <span class='ocr_line' id='line_1_22' title="bbox 115 2004 1086 2083; baseline 0 -19"><span class='ocrx_word' id='word_1_160' title='bbox 115 2016 185 2075; x_wconf 88' lang='lat' dir='ltr'><strong>sus,</strong></span> <span class='ocrx_word' id='word_1_161' title='bbox 209 2005 416 2077; x_wconf 86' lang='lat' dir='ltr'><strong>promoveatis</strong></span> <span class='ocrx_word' id='word_1_162' title='bbox 429 2004 524 2066; x_wconf 72' lang='lat' dir='ltr'><strong>tinem</strong></span> <span class='ocrx_word' id='word_1_163' title='bbox 545 2018 710 2083; x_wconf 81' lang='lat' dir='ltr'><strong>numquam</strong></span> <span class='ocrx_word' id='word_1_164' title='bbox 723 2014 824 2067; x_wconf 79' lang='lat' dir='ltr'><strong>mnan</strong></span> <span class='ocrx_word' id='word_1_165' title='bbox 839 2016 974 2083; x_wconf 80' lang='lat' dir='ltr'><strong>corpora</strong></span> <span class='ocrx_word' id='word_1_166' title='bbox 987 2010 1086 2065; x_wconf 81' lang='lat' dir='ltr'><strong>oestro</strong></span> 
     </span>
     <span class='ocr_line' id='line_1_23' title="bbox 113 2086 1091 2166; baseline 0.001 -20"><span class='ocrx_word' id='word_1_167' title='bbox 113 2086 264 2147; x_wconf 89' lang='lat' dir='ltr'><strong>laxnbitis.</strong></span> <span class='ocrx_word' id='word_1_168' title='bbox 298 2086 372 2147; x_wconf 83' lang='lat' dir='ltr'><strong>Cum</strong></span> <span class='ocrx_word' id='word_1_169' title='bbox 395 2086 474 2148; x_wconf 86' lang='lat' dir='ltr'><strong>bene</strong></span> <span class='ocrx_word' id='word_1_170' title='bbox 494 2091 623 2151; x_wconf 87' lang='lat' dir='ltr'><strong>cesserit</strong></span> <span class='ocrx_word' id='word_1_171' title='bbox 643 2090 824 2166; x_wconf 67' lang='lat' dir='ltr'><strong>negotiatio,</strong></span> <span class='ocrx_word' id='word_1_172' title='bbox 844 2091 972 2151; x_wconf 83' lang='lat' dir='ltr'><strong>mutum</strong></span> <span class='ocrx_word' id='word_1_173' title='bbox 985 2087 1091 2157; x_wconf 66' lang='lat' dir='ltr'><strong>rnilltit,</strong></span> 
     </span>
     <span class='ocr_line' id='line_1_24' title="bbox 113 2171 1085 2250; baseline 0.001 -20"><span class='ocrx_word' id='word_1_174' title='bbox 113 2171 262 2243; x_wconf 85' lang='lat' dir='ltr'><strong>retulerit,</strong></span> <span class='ocrx_word' id='word_1_175' title='bbox 286 2184 354 2231; x_wconf 91' lang='lat' dir='ltr'><strong>cum</strong></span> <span class='ocrx_word' id='word_1_176' title='bbox 375 2172 509 2247; x_wconf 78' lang='lat' dir='ltr'><strong>indagati</strong></span> <span class='ocrx_word' id='word_1_177' title='bbox 529 2171 666 2250; x_wconf 88' lang='lat' dir='ltr'><strong>undique</strong></span> <span class='ocrx_word' id='word_1_178' title='bbox 680 2172 740 2234; x_wconf 88' lang='lat' dir='ltr'><strong>cibi</strong></span> <span class='ocrx_word' id='word_1_179' title='bbox 755 2172 896 2249; x_wconf 82' lang='lat' dir='ltr'><strong>coierint,</strong></span> <span class='ocrx_word' id='word_1_180' title='bbox 918 2184 983 2235; x_wconf 86' lang='lat' dir='ltr'><strong>non</strong></span> <span class='ocrx_word' id='word_1_181' title='bbox 996 2171 1085 2232; x_wconf 82' lang='lat' dir='ltr'><strong>haue·</strong></span> 
     </span>
     <span class='ocr_line' id='line_1_25' title="bbox 84 2254 1085 2332; baseline 0.006 -22"><span class='ocrx_word' id='word_1_182' title='bbox 84 2254 199 2327; x_wconf 82' lang='lat' dir='ltr'><strong>thitis,</strong></span> <span class='ocrx_word' id='word_1_183' title='bbox 219 2255 271 2314; x_wconf 91' lang='lat' dir='ltr'><strong>ubi</strong></span> <span class='ocrx_word' id='word_1_184' title='bbox 287 2255 365 2315; x_wconf 85' lang='lat' dir='ltr'><strong>istos</strong></span> <span class='ocrx_word' id='word_1_185' title='bbox 384 2255 552 2331; x_wconf 85' lang='lat' dir='ltr'><strong>adparatus</strong></span> <span class='ocrx_word' id='word_1_186' title='bbox 573 2265 695 2319; x_wconf 87' lang='lat' dir='ltr'><strong>vestros</strong></span> <span class='ocrx_word' id='word_1_187' title='bbox 716 2254 895 2319; x_wconf 88' lang='lat' dir='ltr'><strong>conlocetis.</strong></span> <span class='ocrx_word' id='word_1_188' title='bbox 931 2255 1012 2332; x_wconf 77' lang='lat' dir='ltr'><strong>puio</strong></span> <span class='ocrx_word' id='word_1_189' title='bbox 1027 2261 1085 2317; x_wconf 85' lang='lat' dir='ltr'><strong>tem</strong></span> 
     </span>
     <span class='ocr_line' id='line_1_26' title="bbox 113 2339 1086 2417; baseline 0.003 -20"><span class='ocrx_word' id='word_1_190' title='bbox 113 2340 206 2399; x_wconf 86' lang='lat' dir='ltr'><strong>multu</strong></span> <span class='ocrx_word' id='word_1_191' title='bbox 220 2339 423 2415; x_wconf 84' lang='lat' dir='ltr'><strong>conquirltlst</strong></span> <span class='ocrx_word' id='word_1_192' title='bbox 442 2339 566 2401; x_wconf 81' lang='lat' dir='ltr'><strong>Scilicet</strong></span> <span class='ocrx_word' id='word_1_193' title='bbox 580 2341 711 2403; x_wconf 88' lang='lat' dir='ltr'><strong>maiores</strong></span> <span class='ocrx_word' id='word_1_194' title='bbox 726 2343 831 2417; x_wconf 78' lang='lat' dir='ltr'><strong>nostri,</strong></span> <span class='ocrx_word' id='word_1_195' title='bbox 847 2350 981 2417; x_wconf 86' lang='lat' dir='ltr'><strong>quornm</strong></span> <span class='ocrx_word' id='word_1_196' title='bbox 993 2341 1086 2401; x_wconf 71' lang='lat' dir='ltr'><strong>vimus</strong></span> 
     </span>
     <span class='ocr_line' id='line_1_27' title="bbox 114 2421 1086 2500; baseline 0.001 -18"><span class='ocrx_word' id='word_1_197' title='bbox 114 2424 284 2482; x_wconf 79' lang='lat' dir='ltr'><strong>etiamnunc</strong></span> <span class='ocrx_word' id='word_1_198' title='bbox 300 2422 372 2482; x_wconf 80' lang='lat' dir='ltr'><strong>uitio</strong></span> <span class='ocrx_word' id='word_1_199' title='bbox 385 2430 491 2484; x_wconf 84' lang='lat' dir='ltr'><strong>nostro</strong></span> <span class='ocrx_word' id='word_1_200' title='bbox 504 2432 669 2499; x_wconf 85' lang='lat' dir='ltr'><strong>sustentat,</strong></span> <span class='ocrx_word' id='word_1_201' title='bbox 690 2424 827 2486; x_wconf 85' lang='lat' dir='ltr'><strong>inlellces</strong></span> <span class='ocrx_word' id='word_1_202' title='bbox 842 2433 945 2499; x_wconf 81' lang='lat' dir='ltr'><strong>erent,</strong></span> <span class='ocrx_word' id='word_1_203' title='bbox 962 2423 1017 2500; x_wconf 84' lang='lat' dir='ltr'><strong>qui</strong></span> <span class='ocrx_word' id='word_1_204' title='bbox 1030 2421 1086 2483; x_wconf 84' lang='lat' dir='ltr'><strong>sihi</strong></span> 
     </span>
     <span class='ocr_line' id='line_1_28' title="bbox 113 2504 1086 2584; baseline 0.004 -21"><span class='ocrx_word' id='word_1_205' title='bbox 113 2516 205 2566; x_wconf 84' lang='lat' dir='ltr'><strong>manu</strong></span> <span class='ocrx_word' id='word_1_206' title='bbox 219 2518 277 2565; x_wconf 81' lang='lat' dir='ltr'><strong>sua</strong></span> <span class='ocrx_word' id='word_1_207' title='bbox 290 2504 440 2580; x_wconf 80' lang='lat' dir='ltr'><strong>parabant</strong></span> <span class='ocrx_word' id='word_1_208' title='bbox 453 2506 568 2579; x_wconf 88' lang='lat' dir='ltr'><strong>cibum,</strong></span> <span class='ocrx_word' id='word_1_209' title='bbox 585 2509 696 2582; x_wconf 79' lang='lat' dir='ltr'><strong>quiem</strong></span> <span class='ocrx_word' id='word_1_210' title='bbox 710 2517 792 2570; x_wconf 83' lang='lat' dir='ltr'><strong>terro</strong></span> <span class='ocrx_word' id='word_1_211' title='bbox 805 2509 906 2570; x_wconf 84' lang='lat' dir='ltr'><strong>cubile</strong></span> <span class='ocrx_word' id='word_1_212' title='bbox 920 2514 997 2581; x_wconf 80' lang='lat' dir='ltr'><strong>erat,</strong></span> <span class='ocrx_word' id='word_1_213' title='bbox 1012 2516 1086 2584; x_wconf 81' lang='lat' dir='ltr'><strong>quo·</strong></span> 
     </span>
     <span class='ocr_line' id='line_1_29' title="bbox 112 2588 1086 2669; baseline 0.005 -22"><span class='ocrx_word' id='word_1_214' title='bbox 112 2602 178 2647; x_wconf 90' lang='lat' dir='ltr'><strong>rum</strong></span> <span class='ocrx_word' id='word_1_215' title='bbox 198 2593 280 2647; x_wconf 85' lang='lat' dir='ltr'><strong>tecte</strong></span> <span class='ocrx_word' id='word_1_216' title='bbox 297 2588 433 2648; x_wconf 88' lang='lat' dir='ltr'><strong>nondum</strong></span> <span class='ocrx_word' id='word_1_217' title='bbox 453 2600 529 2651; x_wconf 85' lang='lat' dir='ltr'><strong>curo</strong></span> <span class='ocrx_word' id='word_1_218' title='bbox 548 2591 718 2667; x_wconf 78' lang='lat' dir='ltr'><strong>fulgebant,</strong></span> <span class='ocrx_word' id='word_1_219' title='bbox 739 2606 869 2669; x_wconf 87' lang='lat' dir='ltr'><strong>quorum</strong></span> <span class='ocrx_word' id='word_1_220' title='bbox 883 2592 1000 2668; x_wconf 88' lang='lat' dir='ltr'><strong>templa</strong></span> <span class='ocrx_word' id='word_1_221' title='bbox 1012 2602 1086 2652; x_wconf 89' lang='lat' dir='ltr'><strong>non·</strong></span> 
     </span>
     <span class='ocr_line' id='line_1_30' title="bbox 113 2669 1086 2752; baseline 0.004 -23"><span class='ocrx_word' id='word_1_222' title='bbox 113 2670 184 2729; x_wconf 91' lang='lat' dir='ltr'><strong>dnm</strong></span> <span class='ocrx_word' id='word_1_223' title='bbox 206 2671 335 2743; x_wconf 71' lang='lat' dir='ltr'><strong>gemmis</strong></span> <span class='ocrx_word' id='word_1_224' title='bbox 350 2669 494 2733; x_wconf 87' lang='lat' dir='ltr'><strong>nitebant.</strong></span> <span class='ocrx_word' id='word_1_225' title='bbox 524 2675 629 2748; x_wconf 85' lang='lat' dir='ltr'><strong>itaque</strong></span> <span class='ocrx_word' id='word_1_226' title='bbox 642 2684 715 2736; x_wconf 91' lang='lat' dir='ltr'><strong>tunc</strong></span> <span class='ocrx_word' id='word_1_227' title='bbox 730 2691 787 2752; x_wconf 85' lang='lat' dir='ltr'><strong>per</strong></span> <span class='ocrx_word' id='word_1_228' title='bbox 799 2675 910 2737; x_wconf 88' lang='lat' dir='ltr'><strong>fictiles</strong></span> <span class='ocrx_word' id='word_1_229' title='bbox 923 2674 1004 2737; x_wconf 85' lang='lat' dir='ltr'><strong>deos</strong></span> <span class='ocrx_word' id='word_1_230' title='bbox 1018 2670 1086 2733; x_wconf 63' lang='lat' dir='ltr'><strong>reli⁴</strong></span> 
     </span>
     <span class='ocr_line' id='line_1_31' title="bbox 112 2752 1088 2834; baseline 0.004 -21"><span class='ocrx_word' id='word_1_231' title='bbox 112 2754 199 2828; x_wconf 75' lang='lat' dir='ltr'><strong>giose</strong></span> <span class='ocrx_word' id='word_1_232' title='bbox 213 2752 377 2814; x_wconf 86' lang='lat' dir='ltr'><strong>iurabatur.</strong></span> <span class='ocrx_word' id='word_1_233' title='bbox 407 2753 459 2829; x_wconf 92' lang='lat' dir='ltr'><strong>qul</strong></span> <span class='ocrx_word' id='word_1_234' title='bbox 473 2756 543 2818; x_wconf 88' lang='lat' dir='ltr'><strong>illos</strong></span> <span class='ocrx_word' id='word_1_235' title='bbox 557 2758 788 2834; x_wconf 84' lang='lat' dir='ltr'><strong>invocaverant,</strong></span> <span class='ocrx_word' id='word_1_236' title='bbox 804 2758 844 2820; x_wconf 90' lang='lat' dir='ltr'><strong>ad</strong></span> <span class='ocrx_word' id='word_1_237' title='bbox 857 2759 982 2820; x_wconf 86' lang='lat' dir='ltr'><strong>hostem</strong></span> <span class='ocrx_word' id='word_1_238' title='bbox 997 2754 1088 2817; x_wconf 83' lang='lat' dir='ltr'><strong>mort-</strong></span> 
     </span>
     <span class='ocr_line' id='line_1_32' title="bbox 82 2834 1088 2912; baseline 0.006 -18"><span class='ocrx_word' id='word_1_239' title='bbox 82 2836 184 2911; x_wconf 85' lang='lat' dir='ltr'><strong>eturt,</strong></span> <span class='ocrx_word' id='word_1_240' title='bbox 205 2850 244 2897; x_wconf 86' lang='lat' dir='ltr'><strong>ne</strong></span> <span class='ocrx_word' id='word_1_241' title='bbox 259 2834 412 2912; x_wconf 82' lang='lat' dir='ltr'><strong>tollerent,</strong></span> <span class='ocrx_word' id='word_1_242' title='bbox 434 2839 583 2902; x_wconf 87' lang='lat' dir='ltr'><strong>redibant.</strong></span> <span class='ocrx_word' id='word_1_243' title='bbox 606 2840 730 2911; x_wconf 75' lang='lat' dir='ltr'><strong>Scilicet</strong></span> <span class='ocrx_word' id='word_1_244' title='bbox 744 2842 844 2904; x_wconf 86' lang='lat' dir='ltr'><strong>minus</strong></span> <span class='ocrx_word' id='word_1_245' title='bbox 858 2843 949 2904; x_wconf 84' lang='lat' dir='ltr'><strong>heato</strong></span> <span class='ocrx_word' id='word_1_246' title='bbox 965 2840 1088 2902; x_wconf 81' lang='lat' dir='ltr'><strong>tltehet</strong></span> 
     </span>
     <span class='ocr_line' id='line_1_33' title="bbox 112 2921 1086 3001; baseline 0.003 -20"><span class='ocrx_word' id='word_1_247' title='bbox 112 2921 242 2983; x_wconf 77' lang='lat' dir='ltr'><strong>dictator</strong></span> <span class='ocrx_word' id='word_1_248' title='bbox 255 2929 374 2995; x_wconf 88' lang='lat' dir='ltr'><strong>noster,</strong></span> <span class='ocrx_word' id='word_1_249' title='bbox 397 2923 450 2998; x_wconf 92' lang='lat' dir='ltr'><strong>qui</strong></span> <span class='ocrx_word' id='word_1_250' title='bbox 466 2922 645 2987; x_wconf 78' lang='lat' dir='ltr'><strong>Samnitium</strong></span> <span class='ocrx_word' id='word_1_251' title='bbox 658 2926 777 3001; x_wconf 81' lang='lat' dir='ltr'><strong>legatos</strong></span> <span class='ocrx_word' id='word_1_252' title='bbox 792 2926 901 3000; x_wconf 90' lang='lat' dir='ltr'><strong>audiit,</strong></span> <span class='ocrx_word' id='word_1_253' title='bbox 916 2940 989 2987; x_wconf 91' lang='lat' dir='ltr'><strong>cum</strong></span> <span class='ocrx_word' id='word_1_254' title='bbox 1002 2922 1086 2985; x_wconf 74' lang='lat' dir='ltr'><strong>vilis</strong></span> 
     </span>
     <span class='ocr_line' id='line_1_34' title="bbox 112 3005 1087 3084; baseline 0.001 -19"><span class='ocrx_word' id='word_1_255' title='bbox 112 3006 220 3065; x_wconf 90' lang='lat' dir='ltr'><strong>simum</strong></span> <span class='ocrx_word' id='word_1_256' title='bbox 242 3005 343 3065; x_wconf 89' lang='lat' dir='ltr'><strong>cibum</strong></span> <span class='ocrx_word' id='word_1_257' title='bbox 363 3005 394 3065; x_wconf 95' lang='lat' dir='ltr'><strong>in</strong></span> <span class='ocrx_word' id='word_1_258' title='bbox 411 3007 481 3068; x_wconf 87' lang='lat' dir='ltr'><strong>ioco</strong></span> <span class='ocrx_word' id='word_1_259' title='bbox 496 3008 565 3084; x_wconf 91' lang='lat' dir='ltr'><strong>ipse</strong></span> <span class='ocrx_word' id='word_1_260' title='bbox 580 3026 672 3071; x_wconf 90' lang='lat' dir='ltr'><strong>manu</strong></span> <span class='ocrx_word' id='word_1_261' title='bbox 686 3026 744 3070; x_wconf 87' lang='lat' dir='ltr'><strong>sua</strong></span> <span class='ocrx_word' id='word_1_262' title='bbox 757 3018 910 3082; x_wconf 83' lang='lat' dir='ltr'><strong>versaret,</strong></span> <span class='ocrx_word' id='word_1_263' title='bbox 932 3008 1002 3083; x_wconf 86' lang='lat' dir='ltr'><strong>ille,</strong></span> <span class='ocrx_word' id='word_1_264' title='bbox 1025 3023 1087 3082; x_wconf 84' lang='lat' dir='ltr'><strong>qus</strong></span> 
     </span>
     <span class='ocr_line' id='line_1_35' title="bbox 110 3088 1087 3169; baseline 0.005 -24"><span class='ocrx_word' id='word_1_265' title='bbox 110 3088 170 3146; x_wconf 92' lang='lat' dir='ltr'><strong>iam</strong></span> <span class='ocrx_word' id='word_1_266' title='bbox 192 3103 286 3162; x_wconf 90' lang='lat' dir='ltr'><strong>saepe</strong></span> <span class='ocrx_word' id='word_1_267' title='bbox 307 3088 428 3150; x_wconf 88' lang='lat' dir='ltr'><strong>hostem</strong></span> <span class='ocrx_word' id='word_1_268' title='bbox 448 3100 645 3166; x_wconf 85' lang='lat' dir='ltr'><strong>percusserat</strong></span> <span class='ocrx_word' id='word_1_269' title='bbox 662 3096 861 3169; x_wconf 84' lang='lat' dir='ltr'><strong>laureamque</strong></span> <span class='ocrx_word' id='word_1_270' title='bbox 874 3093 906 3152; x_wconf 95' lang='lat' dir='ltr'><strong>in</strong></span> <span class='ocrx_word' id='word_1_271' title='bbox 924 3090 1087 3168; x_wconf 81' lang='lat' dir='ltr'><strong>capitolini</strong></span> 
     </span>
     <span class='ocr_line' id='line_1_36' title="bbox 111 3169 1088 3253; baseline 0.007 -25"><span class='ocrx_word' id='word_1_272' title='bbox 111 3169 192 3230; x_wconf 86' lang='lat' dir='ltr'><strong>lovis</strong></span> <span class='ocrx_word' id='word_1_273' title='bbox 212 3170 328 3244; x_wconf 81' lang='lat' dir='ltr'><strong>gremio</strong></span> <span class='ocrx_word' id='word_1_274' title='bbox 346 3181 543 3248; x_wconf 87' lang='lat' dir='ltr'><strong>reposuerat,</strong></span> <span class='ocrx_word' id='word_1_275' title='bbox 564 3190 655 3252; x_wconf 91' lang='lat' dir='ltr'><strong>quom</strong></span> <span class='ocrx_word' id='word_1_276' title='bbox 669 3177 796 3253; x_wconf 85' lang='lat' dir='ltr'><strong>Apicius</strong></span> <span class='ocrx_word' id='word_1_277' title='bbox 817 3183 924 3238; x_wconf 83' lang='lat' dir='ltr'><strong>nostra</strong></span> <span class='ocrx_word' id='word_1_278' title='bbox 939 3175 1088 3236; x_wconf 84' lang='lat' dir='ltr'><strong>memoria</strong></span> 
     </span>
     <span class='ocr_line' id='line_1_37' title="bbox 112 3254 1088 3337; baseline 0.006 -25"><span class='ocrx_word' id='word_1_279' title='bbox 112 3254 201 3327; x_wconf 86' lang='lat' dir='ltr'><strong>vixit,</strong></span> <span class='ocrx_word' id='word_1_280' title='bbox 223 3254 320 3328; x_wconf 88' lang='lat' dir='ltr'><strong>quiin</strong></span> <span class='ocrx_word' id='word_1_281' title='bbox 336 3269 375 3315; x_wconf 87' lang='lat' dir='ltr'><strong>ea</strong></span> <span class='ocrx_word' id='word_1_282' title='bbox 387 3256 479 3330; x_wconf 87' lang='lat' dir='ltr'><strong>urbe,</strong></span> <span class='ocrx_word' id='word_1_283' title='bbox 501 3272 540 3317; x_wconf 86' lang='lat' dir='ltr'><strong>ex</strong></span> <span class='ocrx_word' id='word_1_284' title='bbox 557 3274 618 3333; x_wconf 87' lang='lat' dir='ltr'><strong>qua</strong></span> <span class='ocrx_word' id='word_1_285' title='bbox 632 3258 798 3335; x_wconf 87' lang='lat' dir='ltr'><strong>aliquando</strong></span> <span class='ocrx_word' id='word_1_286' title='bbox 811 3260 990 3337; x_wconf 84' lang='lat' dir='ltr'><strong>philosophi</strong></span> <span class='ocrx_word' id='word_1_287' title='bbox 1004 3258 1088 3319; x_wconf 89' lang='lat' dir='ltr'><strong>velut</strong></span> 
     </span>
     <span class='ocr_line' id='line_1_38' title="bbox 111 3336 1087 3420; baseline 0.006 -25"><span class='ocrx_word' id='word_1_288' title='bbox 111 3343 307 3411; x_wconf 85' lang='lat' dir='ltr'><strong>corruptores</strong></span> <span class='ocrx_word' id='word_1_289' title='bbox 321 3336 486 3399; x_wconf 87' lang='lat' dir='ltr'><strong>iuventutis</strong></span> <span class='ocrx_word' id='word_1_290' title='bbox 502 3340 587 3400; x_wconf 84' lang='lat' dir='ltr'><strong>obire</strong></span> <span class='ocrx_word' id='word_1_291' title='bbox 598 3343 675 3403; x_wconf 89' lang='lat' dir='ltr'><strong>iussi</strong></span> <span class='ocrx_word' id='word_1_292' title='bbox 686 3350 767 3417; x_wconf 86' lang='lat' dir='ltr'><strong>sunt,</strong></span> <span class='ocrx_word' id='word_1_293' title='bbox 780 3344 938 3404; x_wconf 77' lang='lat' dir='ltr'><strong>scientiam</strong></span> <span class='ocrx_word' id='word_1_294' title='bbox 950 3343 1087 3420; x_wconf 88' lang='lat' dir='ltr'><strong>popinae</strong></span> 
     </span>
     <span class='ocr_line' id='line_1_39' title="bbox 109 3418 1085 3495; baseline 0.01 -18"><span class='ocrx_word' id='word_1_295' title='bbox 109 3421 272 3492; x_wconf 78' lang='lat' dir='ltr'><strong>professus</strong></span> <span class='ocrx_word' id='word_1_296' title='bbox 297 3418 461 3495; x_wconf 85' lang='lat' dir='ltr'><strong>disciplina</strong></span> <span class='ocrx_word' id='word_1_297' title='bbox 483 3438 541 3481; x_wconf 84' lang='lat' dir='ltr'><strong>sua</strong></span> <span class='ocrx_word' id='word_1_298' title='bbox 563 3427 700 3486; x_wconf 89' lang='lat' dir='ltr'><strong>seculum</strong></span> <span class='ocrx_word' id='word_1_299' title='bbox 721 3427 833 3487; x_wconf 84' lang='lat' dir='ltr'><strong>iniecit</strong></span> <span class='ocrx_word' id='word_1_300' title='bbox 866 3422 955 3489; x_wconf 74' lang='lat' dir='ltr'><strong>oniu&#39;s</strong></span> <span class='ocrx_word' id='word_1_301' title='bbox 971 3427 1085 3488; x_wconf 87' lang='lat' dir='ltr'><strong>exitum</strong></span> 
     </span>
    </p>
   </div>
   <div class='ocr_carea' id='block_1_3' title="bbox 0 0 1198 3856">
    <p class='ocr_par' dir='ltr' id='par_1_3' title="bbox 0 0 1198 3856">
     <span class='ocr_line' id='line_1_40' title="bbox 0 0 1198 3856; baseline 0 0"><span class='ocrx_word' id='word_1_302' title='bbox 0 0 1198 3856; x_wconf 95' lang='lat' dir='ltr'><strong> </strong></span> 
     </span>
    </p>
   </div>
  </div>
 </body>
</html>
