2378 3856
164 180 225 244 100
456 182 490 240 L.
507 180 653 241 ANNAEI
674 179 849 241 SENECAE

163 349 198 394 ae
212 331 381 407 castigabit
408 329 544 409 denique
558 332 670 392 debeat
683 348 818 407 poenas=
832 349 894 395 uon
907 335 1060 411 estquod
1074 352 1140 398 cnm

134 418 214 478 sitio
229 416 315 492 paria
329 416 486 476 iaciemus.
519 415 595 475 iliud
610 431 672 477 non
687 417 788 477 veuiet
807 414 996 492 indubium,
1018 421 1140 497 quiusa

163 500 308 560 exemerit
322 499 428 560 turbae
449 507 481 560 et
492 499 582 560 altius
597 499 713 560 steterit
727 497 869 576 quisquis
884 500 1032 577 despexit
1044 505 1139 565 iaces·

163 589 283 643 sentes:
300 583 457 658 proprium
472 589 519 644 est
532 581 750 657 magnitudinis
764 598 857 644 verae
870 599 933 644 uon
942 584 1063 649 sentire
1074 603 1139 663 per·

162 681 297 726 cussum.
317 665 369 727 Sic
384 665 514 727 inmanis
530 668 596 727 iera
609 666 650 726 ad
663 667 803 727 latratum
818 683 929 727 cauum
939 667 1025 729 lenta
1034 686 1138 747 respe-

162 750 214 809 xit
241 751 288 810 sic
301 749 408 812 inritus
426 750 542 825 ingenti
557 750 688 824 seoputo
704 748 816 811 fluctus
830 750 974 812 adsultat.
1006 751 1069 827 Qui
1082 770 1139 817 nou

163 834 311 908 irascitur,
324 835 530 894 inconcussus
542 834 651 894 iniuria
663 834 801 909 perstitit,
814 832 867 909 qui
876 834 1029 910 irascitur,
1039 844 1138 898 motus

133 923 218 977 test.
240 919 280 978 At
292 918 351 990 iiie,
368 933 460 993 quern
473 918 566 979 modo
582 917 720 977 altiorem
734 917 815 978 omni
829 916 1029 980 incommodo
1041 921 1139 997 posui,

162 1008 245 1062 tenet
259 1000 403 1075 amplexu
419 1001 553 1076 quodam
568 1016 718 1060 summum
733 1000 857 1062 bonum.
879 1016 937 1061 uec
948 1001 1067 1063 homini
1078 1010 1138 1065 tan·

162 1090 240 1156 tum,
267 1084 323 1143 sed
344 1083 404 1160 ipsi
424 1086 564 1145 fortunae
583 1085 768 1159 respondet:
796 1085 918 1159 „omnia
939 1083 1013 1147 iicet
1035 1087 1138 1159 iacias,

162 1168 260 1227 uriuor
274 1182 319 1240 es,
335 1184 425 1244 quam
441 1175 473 1227 ui
487 1167 681 1228 serenitatem
695 1184 793 1228 meam
809 1168 957 1230 obducas.
984 1175 1071 1232 vetat
1083 1169 1139 1233 hoc

161 1251 254 1324 ratio,
275 1252 324 1313 cui
340 1251 433 1312 vitam
452 1251 618 1328 regendam
639 1252 720 1312 dedi.
754 1253 824 1327 pius
843 1251 916 1312 miui
939 1253 1083 1317 nocitura
1096 1261 1140 1314 est

162 1337 208 1395 ira
228 1351 320 1412 quum
340 1336 457 1396 iniuria.
491 1334 596 1410 quidni
619 1336 710 1410 piust
730 1335 811 1394 iliius
832 1335 943 1395 modus
959 1342 1138 1399 certasset:

162 1419 221 1479 ista
235 1434 398 1494 quousque
412 1435 461 1478 me
474 1419 573 1479 latura
586 1418 626 1478 sit
640 1417 765 1479 dubium
780 1423 859 1478 cst.“

135 1517 150 1568 1
224 1502 330 1561 XXVI.
351 1502 437 1575 „Non
454 1517 591 1578 possum,
605 1500 718 1577 inquis,
735 1502 806 1577 pati.
827 1517 922 1576 grave
936 1508 985 1563 est
999 1500 1138 1565 iniuriam

162 1585 344 1645 sustinere.“
358 1583 505 1647 Mentiris.
522 1585 591 1660 quis
606 1586 687 1644 enim
701 1585 839 1646 iniuriam
854 1601 916 1645 non
931 1591 1039 1660 potest
1052 1587 1137 1661 ierre,

162 1666 217 1744 qui
232 1674 334 1742 potest
347 1668 442 1728 iramt
462 1667 551 1728 adice
561 1685 643 1729 nunc
654 1668 738 1744 quod
749 1666 781 1728 id
792 1668 869 1744 agis,
883 1675 917 1729 ut
927 1674 958 1728 et
969 1668 1049 1729 iram
1061 1671 1138 1735 ieras

162 1759 194 1812 et
206 1751 356 1813 iniuriam.
378 1752 478 1826 Quare
492 1753 555 1811 iers
569 1752 652 1826 aegri
667 1751 782 1811 rabiem
797 1758 828 1811 et
842 1751 1011 1826 phrenetici
1026 1754 1139 1816 verbat

163 1850 327 1909 puerorum
339 1844 500 1909 proteruus
511 1842 642 1896 manus?
662 1850 771 1910 nempe
783 1835 857 1910 quia
867 1834 1010 1896 videntur
1020 1837 1139 1899 nescire

163 1916 236 1992 quid
250 1918 376 1978 iaciant=
398 1918 473 1994 quid
486 1917 625 1989 interest,
649 1934 711 1993 quo
733 1919 865 1993 quisque
879 1919 952 1981 vitio
968 1919 1023 1981 flat
1037 1920 1138 1998 inpru-

162 2000 262 2061 densi
305 2001 499 2076 inprudentia
530 2018 586 2076 par
616 2001 646 2060 in
678 2001 818 2062 omnibus
849 2003 1056 2077 patrocinium
1085 2010 1139 2067 cst

85 2154 88 2159 ,
135 2084 262 2159 n„0uid
275 2091 372 2159 ergot
385 2086 496 2161 inquis,
509 2085 623 2161 inpune
634 2085 675 2145 iiii
688 2084 789 2144 eritt“
808 2085 925 2145 Putate
937 2087 1027 2161 velte,
1039 2095 1138 2163 nmen

162 2185 223 2230 non
246 2169 311 2228 erit.
338 2169 471 2229 maxima
490 2176 539 2229 est
551 2169 631 2230 enim
646 2169 745 2228 iactae
758 2169 885 2228 iniuriae
900 2185 1003 2244 poena
1016 2168 1139 2243 iecisse,

162 2268 220 2313 uec
242 2253 405 2328 quisquam
426 2251 552 2328 gravius
566 2253 708 2312 adficitur
725 2269 817 2325 quam
831 2252 884 2327 qui
898 2253 939 2312 ad
952 2254 1139 2328 supplicium

133 2336 368 2411 spoenitentiae
385 2337 522 2398 traditur.
552 2337 669 2396 Deinde
684 2335 723 2395 ad
739 2335 952 2396 condicionem
964 2350 1072 2406 rerum
1085 2336 1138 2397 hu·

162 2436 318 2480 manarum
331 2421 558 2496 respiciendum
573 2428 629 2491 est,
643 2426 677 2479 ut
691 2417 823 2479 omnium
835 2418 1039 2480 accidentium
1049 2421 1140 2496 aequi

164 2502 281 2562 iudices
303 2503 408 2562 simus.
440 2504 564 2579 iniquus
580 2509 756 2574 autemst,
780 2499 833 2576 qui
852 2517 1015 2563 commuue
1036 2504 1139 2564 vitium

163 2584 291 2658 singuiis
313 2585 439 2646 obiecit:
467 2602 529 2645 non
550 2591 598 2645 est
613 2584 773 2661 Aethiopis
792 2585 870 2646 inter
883 2600 959 2648 suos
975 2587 1140 2662 insignitus

163 2668 263 2741 color,
280 2682 337 2727 nec
351 2668 437 2728 rufus
452 2668 545 2727 crinis
560 2676 590 2729 et
605 2675 730 2729 coactus
744 2669 774 2728 in
789 2669 904 2730 nodum
919 2670 1003 2744 apud
1015 2669 1140 2732 Germa·

162 2767 220 2810 nos
241 2751 338 2810 virum
359 2751 497 2812 dedecet
529 2750 603 2811 nihil
624 2751 737 2812 inuno
758 2751 909 2813 iudicabis
933 2753 1071 2815 notabile
1089 2759 1142 2814 uui

163 2835 296 2910 foedum,
312 2836 396 2910 quod
407 2836 489 2912 genti
503 2850 578 2894 suae
594 2835 748 2911 publicum
763 2841 819 2896 est.
834 2842 864 2896 et
877 2837 937 2896 ista
951 2851 1033 2912 quac
1043 2837 1141 2910 retuli,

163 2919 251 2980 unius
276 2919 412 2994 regionis
438 2927 531 2994 atque
555 2919 658 2995 engadi
679 2919 869 2980 consuetudo
890 2920 1047 3000 defendite¹
1069 2918 1142 2979 vide

162 3020 253 3078 nunc,
267 3013 380 3079 quanto
396 3005 426 3064 in
441 3004 479 3063 iis
490 3004 599 3064 iustior
610 3004 699 3063 venia
711 3004 759 3074 sit,
776 3017 855 3077 quae
867 3018 923 3078 per
933 3009 1030 3064 totum
1042 3018 1140 3078 genus

130 3095 151 3147 -4
161 3085 326 3145 humanum
352 3088 475 3160 volgata
501 3094 580 3146 suut.
614 3085 725 3147 Omnes
746 3085 911 3146 inconsulti
930 3093 961 3147 et
986 3086 1141 3162 improuidi

162 3183 284 3240 snmus,
300 3183 407 3228 omnes
421 3167 537 3240 incerti,
553 3167 681 3243 queruli,
698 3169 860 3231 ambitiosi.
881 3169 957 3244 quid
971 3170 1140 3231 levioribus

162 3250 265 3310 verbis
287 3251 376 3311 ulcus
401 3250 557 3326 publicum
580 3251 760 3312 abscondo?
790 3269 898 3313 omnes
915 3254 991 3312 rudi
1016 3268 1140 3315 sumus=

163 3335 308 3410 quicquid
324 3333 426 3408 itaque
440 3331 471 3393 in
488 3334 547 3394 aiio
561 3333 808 3409 reprehenditur,
828 3334 862 3395 id
876 3334 1096 3410 unusquisque
1109 3335 1141 3395 in

163 3434 220 3478 sun
244 3417 315 3478 sinu
341 3418 483 3478 inveniet.
523 3417 599 3491 Quid
623 3417 702 3478 iltius
725 3418 886 3494 pallorem,
913 3418 993 3479 iilius
1011 3420 1143 3480 maciem
