2378 3856
126 199 368 261 Abuulvlhltt
375 197 905 261 mrauuuucousoiatlouu.
915 209 941 263 6.
955 208 981 264 l.
992 198 1055 264 hats

83 358 155 411 mot
187 347 315 427 Scythia
331 356 363 416 et
383 354 465 409 totus
481 348 530 408 ille
547 349 678 409 terarum
692 326 968 426 indomitarumque
981 367 1053 426 gem

84 436 158 496 tium
172 440 289 495 matus
301 431 440 493 civitates
453 430 587 492 Achaiae
603 430 735 494 Ponticis
750 430 901 508 inpositas
914 434 1054 496 litoribus

84 517 227 580 ostentat.
258 515 337 575 otono
345 519 519 591 perpetuae?
532 514 639 575 lriemis
654 514 799 588 saevitia,
822 531 884 576 nou
897 516 1054 579 bominum

83 600 206 677 ingenia
226 599 266 659 ad
285 598 508 660 similitudinem
524 597 664 660 coeliani
678 596 831 659 hortantis
846 601 1052 663 uonslerenti-

76 679 142 745 'bus
168 684 278 745 domos
299 698 374 743 suas
388 681 579 743 obstiterunt„
605 680 735 742 Athenis
754 679 785 741 in
800 682 877 742 Aaio
893 684 983 744 turba
996 688 1081 745 esta

83 769 205 828 Miletus
229 766 365 842 quinque
389 772 418 826 et
443 761 637 840 septuaginta
654 762 773 825 urbium
795 766 943 840 populum
964 765 994 826 in
1009 767 1053 827 di-

84 867 176 912 versa
189 847 305 910 affudit
327 854 425 909 totum
437 848 539 909 ltaliae
553 850 641 922 latus,
659 847 743 923 quod
756 845 856 908 iniero
870 849 946 909 mari
957 849 1053 911 adlui-

83 944 145 1006 tur,
162 933 259 994 maior
274 930 480 992 Graecia-luit
507 932 628 993 Tuscos·
637 931 717 992 Asia
729 928 789 991 sibi
803 928 956 994 vindicat.
970 932 1054 1012 Tyrii

82 1018 218 1078 Africam
232 1017 376 1079 incolunt.
403 1012 433 1075 in
447 1014 624 1090 Hispaniam
638 1014 745 1089 Poeni,
767 1014 875 1089 Graeci
889 1031 924 1076 se
937 1018 967 1077 in
984 1017 1052 1077 Gal-

82 1103 154 1162 liam
168 1097 361 1172 inmiserunt,
376 1098 405 1158 in
421 1096 576 1159 Graeciam
591 1098 677 1159 Galli.
698 1098 877 1176 Pyrenaeus
888 1098 1053 1164 Genuauo-

82 1201 150 1246 rum
165 1184 309 1245 transitus
324 1197 385 1242 non
401 1180 537 1242 inhibuit.
559 1181 616 1241 Par
629 1181 783 1255 incognita
796 1182 932 1242 removit
946 1199 981 1243 se
996 1184 1079 1246 hus

82 1284 175 1329 mana
188 1266 305 1328 levitas.
315 1269 317 1272 ⁴
326 1266 440 1325 liberos
454 1264 709 1340 coniugesqueet
721 1279 832 1338 graves
845 1265 933 1326 senio
945 1280 1053 1341 paren·

82 1361 130 1412 tes
144 1356 312 1412 traxerunt.
343 1347 396 1408 alii
408 1349 500 1422 longo
515 1362 620 1422 errore
633 1345 734 1407 iactati
748 1363 810 1408 uon
824 1346 936 1408 iudicio
952 1351 1053 1423 elege-

82 1441 153 1495 runt
167 1435 277 1508 locum,
292 1433 350 1493 sed
364 1431 545 1492 lassitudine
559 1431 730 1506 proximum
742 1440 981 1507 occupaverunt.
1002 1429 1055 1492 alii

82 1517 180 1578 armis
198 1516 258 1577 sibi
278 1518 325 1577 ius
341 1517 371 1575 in
385 1514 485 1575 aliena
496 1522 578 1575 terra
593 1515 737 1575 lecerunt.
756 1515 923 1591 >quasdam
936 1523 1053 1590 gentes,

82 1616 154 1662 eum
167 1601 271 1676 ignota
287 1606 438 1674 peterent,
453 1613 536 1658 mare
551 1597 660 1659 hausit
682 1598 835 1673 quaedam
848 1597 889 1660 ibi
903 1599 1051 1660 conseda-

80 1691 169 1756 runt,
192 1683 243 1745 ubi
259 1683 327 1744 illas
346 1697 448 1742 rerum
463 1681 597 1742 omnium
610 1681 714 1756 inopia
727 1682 880 1757 deposuit
910 1683 974 1743 Nec
990 1696 1084 1749 ome

81 1768 175 1828 nibus
200 1767 308 1827 eadem
334 1781 430 1826 causa
450 1763 642 1839 relinquendi
669 1764 900 1841 quaerendique
924 1765 1053 1841 patriam

81 1852 155 1912 luit:
170 1850 248 1910 alios
263 1848 384 1910 excidia
396 1847 515 1909 urbium
524 1864 648 1910 suarum
658 1847 918 1911 hostilibusarmis
927 1850 1052 1924 elapsos
1089 1922 1092 1927 ,

80 1933 114 1995 iu
131 1935 248 1994 alienas
270 1933 420 2009 spoliatos
435 1932 499 1993 suis
514 1933 706 2007 expulerunt.
726 1932 804 1993 alios
819 1933 989 1994 domestica
1004 1946 1051 1993 se-

81 2017 159 2078 ditio
174 2016 335 2079 submovit
357 2014 434 2076 alios
448 2015 541 2076 nimia
557 2014 776 2091 superfluentis
793 2017 899 2092 populi
911 2018 1051 2090 trequen-

80 2099 126 2162 tia
140 2101 180 2161 ad
192 2100 403 2161 exonerandas
419 2098 500 2160 vires
515 2098 622 2159 emisit
649 2099 727 2159 alios
742 2093 919 2172 pestilentia
928 2106 981 2159 aut
995 2099 1053 2157 lra-

82 2192 215 2260 quantes
235 2192 384 2245 terrarum
403 2181 503 2242 hiatus
524 2187 577 2241 aut
595 2182 699 2257 aliqua
717 2182 908 2242 intoleranda
922 2180 1053 2242 inleliois

82 2266 144 2328 soli
168 2266 241 2328 vitia
264 2265 429 2328 eiecerunt.
461 2265 613 2339 quosdam
637 2261 744 2326 fertilis
766 2280 839 2325 orae
858 2265 938 2324 etin
954 2264 1052 2324 maius

81 2350 225 2412 laudatae
239 2350 320 2411 lama
337 2347 481 2422 corrupit.
508 2347 585 2408 alios
603 2346 663 2407 alia
677 2362 771 2408 causa
784 2347 897 2407 excivit
911 2346 1052 2408 domibus

83 2433 165 2495 suis=
180 2433 254 2494 illud
267 2433 374 2508 utique
388 2431 581 2492 manifestum
597 2437 654 2503 est,
670 2428 744 2490 nibil
759 2432 868 2491 eodem
882 2432 952 2493 loco
968 2437 1081 2491 man-5

83 2517 175 2592 sisse,
192 2533 253 2592 quo
268 2516 403 2593 genitum
417 2520 474 2575 est.
495 2514 645 2575 adsiduus
660 2512 782 2589 generis
797 2513 921 2576 humani
935 2514 1051 2591 discur-

83 2616 139 2661 sus
154 2607 209 2661 ost.
232 2599 343 2661 cotidie
357 2597 473 2674 aliquid
487 2598 517 2659 in
532 2604 592 2659 tam
604 2612 714 2672 magno
728 2597 951 2661 orbe-mutaturi
973 2614 1053 2658 nova

83 2683 205 2745 urbium
219 2684 415 2745 fundamenta
427 2682 585 2744 iaciuntur.
618 2697 700 2743 nova
714 2683 847 2758 gentium
861 2683 985 2744 nomina
999 2699 1051 2743 ex·

83 2766 202 2828 stinctis
216 2766 369 2840 prioribus
384 2773 437 2826 aut
449 2767 487 2825 in
496 2765 707 2826 accessionem
722 2766 879 2826 validioris
894 2765 1052 2826 conversis

84 2850 233 2912 oriuntur.
256 2846 369 2908 Omnes
382 2855 483 2908 autem
497 2847 578 2908 istae
586 2848 774 2921 populorum
780 2847 1053 2930 transportationes

85 2931 160 3008 quid
183 2928 265 2992 aliud
280 2946 371 3005 quam
384 2929 507 3005 publica
521 2927 612 2989 exilia
625 2935 718 2989 sunit
750 2928 828 3002 Quid
844 2937 874 2988 te
887 2934 948 2988 tam
961 2927 1082 3001 longos

85 3015 213 3077 circuitu
232 3012 341 3074 trahet
372 3012 447 3089 quid
466 3011 592 3073 interest
605 3024 785 3073 enumerare
798 3011 983 3073 Antenorem
997 3009 1052 3071 Pa-

84 3100 156 3160 tavii
178 3098 368 3159 conditorem
387 3104 417 3157 et
436 3094 614 3158 Euandrum
632 3096 663 3155 in
677 3095 745 3171 ripa
756 3095 872 3156 Tiberis
886 3109 983 3170 regna
995 3095 1052 3157 Ar-

85 3183 195 3243 cadum
211 3184 442 3243 conlocassent
456 3178 530 3256 quid
539 3178 707 3240 Diomeden
719 3178 874 3254 aliosque,
889 3195 968 3255 quos
980 3178 1052 3238 Tro·

84 3265 189 3326 lanum
208 3266 319 3327 bellum
333 3262 431 3326 victos
446 3264 536 3326 simul
549 3262 746 3339 vletoresque
761 3278 815 3339 per
827 3263 942 3324 alienas
955 3270 1053 3322 terras

85 3346 268 3424 dissipavitt
288 3349 457 3411 Romanum
472 3344 631 3423 imperium
645 3362 756 3422 nempe
767 3353 923 3407 auctorem
933 3344 1081 3405 exulent

85 3433 220 3507 respicit.
254 3448 345 3509 quem
362 3433 524 3508 prologum
540 3437 629 3507 capta
642 3429 753 3506 patria,
768 3428 897 3546 exiguas
908 3425 1053 3502 reliquias
