2378 3856
143 188 184 252 'll
432 188 465 247 L.
489 186 637 248 ANNAEl
660 185 836 245 SENECAE

114 343 313 421 aquaedarm
336 341 409 416 quia
429 357 490 401 non
512 339 713 414 speraverint.
741 339 870 414 Indigna
888 347 1037 414 putamus
1052 357 1132 419 quae

143 428 300 504 inopinata
321 431 401 485 sunt.
432 424 534 499 itaque
556 424 687 484 maxime
707 429 899 483 commovent
919 439 1003 497 quae
1024 434 1133 487 contra

145 527 232 587 spem
247 506 572 583 exspectationemque
586 513 761 566 evenerunt
790 522 848 566 nec
867 506 950 566 aliod
966 515 1017 568 est
1036 525 1133 584 quare
1179 510 1181 519 '

145 597 174 655 in
192 593 370 654 domesticis
386 592 509 651 minima
523 590 695 660 offendunt,
717 591 748 650 in
763 590 869 650 amicis
883 589 1025 651 iniuriam
1040 608 1133 654 voce

117 679 213 738 emus
234 676 465 751 neglegentiam.
493 675 681 749 „Quomodo
696 688 785 747 ergo,
806 672 917 749 inquit,
940 673 1134 736 inimicorum

146 779 204 822 nos
223 760 350 820 iniuriae
372 763 542 819 moventt“
563 758 636 832 quia
655 774 717 817 uon
732 757 982 830 exspectavimus
997 759 1070 820 illas
1085 767 1134 820 aut

148 852 229 906 certe
245 860 305 903 non
321 850 430 903 untes.
457 840 517 901 hoc
532 840 627 901 elficit
643 857 729 900 umor
743 841 839 901 nostri
854 841 975 900 nimius.
1004 841 1133 904 inviola-

147 937 197 989 tos
211 943 269 987 nos
285 927 374 985 etiam
391 924 519 984 inimicis
534 925 704 983 iudicamus
717 939 790 984 esse
803 924 925 983 debere.
948 924 1035 1000 regis
1051 928 1133 1003 quis·

151 1027 211 1086 que
232 1011 310 1070 iutra
331 1024 366 1068 se
387 1007 519 1066 animum
541 1006 647 1077 habet,
670 1014 703 1067 ut
723 1007 874 1068 licentiam
894 1007 953 1067 sibi
967 1008 1035 1068 dari
1055 1010 1134 1083 velit,

121 1089 180 1154 ⁴in
204 1108 239 1153 se
259 1091 343 1152 nolit.
373 1092 437 1151 Aut
455 1091 625 1164 ignorantia
640 1092 743 1163 itaque
759 1107 816 1152 nos
831 1098 883 1151 aut
896 1091 1065 1153 insolentia
1078 1093 1134 1153 ira·

150 1177 268 1237 candos
286 1176 364 1235 lacit.
385 1173 556 1250 ignorantia
568 1189 684 1234 rerum:
702 1173 777 1250 quid
791 1175 871 1234 enim
885 1173 995 1234 mirum
1009 1183 1062 1236 est
1075 1192 1134 1236 ma-

151 1264 197 1322 los
214 1260 293 1319 mala
308 1259 445 1320 facinora
460 1260 573 1319 ederet
591 1259 664 1331 quid
679 1261 751 1318 novi
766 1266 822 1331 est,
837 1258 864 1318 si
879 1256 1023 1318 inimicus
1034 1265 1133 1332 uocet,

151 1346 267 1406 unicus
290 1342 430 1415 offendit,
452 1342 532 1402 lilius
549 1342 674 1413 labitur,
697 1358 807 1402 servus
830 1348 958 1416 peccati
980 1341 1133 1420 Turpissi-

151 1446 230 1488 mam
253 1427 353 1487 aiebat
372 1425 484 1485 Fabius
502 1427 678 1500 imperatori
692 1425 922 1486 excusationem
945 1440 1035 1486 essee
1063 1442 1134 1487 nou

153 1511 297 1587 putavi.
320 1525 377 1583 ego
394 1509 601 1587 turpissimam
617 1508 731 1569 bomini
747 1516 830 1584 puto.
855 1508 963 1569 Omnia
979 1518 1071 1585 puta,
1085 1526 1135 1570 ex·

153 1602 275 1668 specta:
295 1592 384 1651 etiam
406 1593 434 1650 in
454 1592 545 1651 bonis
560 1593 697 1652 moribus
711 1593 827 1668 aliquid
841 1593 969 1653 exsistet
983 1593 1135 1669 asperius.

124 1677 222 1737 alen
236 1677 368 1736 humana
378 1683 485 1734 natura
499 1675 667 1735 insidiosos
681 1675 816 1748 animos,
837 1678 895 1735 lert
908 1676 1062 1751 ingratos,
1084 1679 1137 1736 lert

154 1761 301 1835 cupidos,
317 1761 375 1818 lert
389 1760 501 1833 inpios.
525 1774 593 1817 cum
609 1760 648 1818 de
660 1760 749 1819 unius
765 1760 900 1819 moribus
915 1760 1086 1835 iudicabis,
1101 1760 1137 1820 de

155 1845 286 1918 publicis
308 1842 417 1916 cogita.
446 1842 499 1902 ubi
520 1842 650 1902 maxime
671 1844 836 1916 gaudebis,
857 1843 990 1902 maxime
1010 1852 1137 1904 metues.

155 1927 206 1987 ubi
228 1927 390 2001 tranquilla
410 1925 464 1986 tibi
486 1925 588 1985 omnia
601 1925 757 1996 videntur,
781 1926 823 1986 ibi
845 1925 985 1986 nocitura
1002 1943 1068 1987 non
1089 1927 1137 1987 de·

156 2011 292 2070 suntsed
307 2009 479 2085 quiescunt.
493 2025 615 2084 semper
629 2010 761 2070 laturum
774 2008 890 2084 aliquid
904 2010 989 2083 quod
1000 2017 1032 2070 te
1043 2008 1138 2070 offen·

157 2096 209 2154 dat
223 2094 371 2155 existima.
401 2093 592 2155 Gubernator
607 2110 772 2169 numquam
792 2094 833 2153 ita
847 2100 930 2154 totos
945 2093 1035 2153 sinus
1050 2108 1139 2155 secu·

155 2195 209 2240 rus
231 2177 392 2253 explicuit,
414 2185 529 2238 utnon
550 2179 694 2252 expedite
716 2178 755 2237 ad
779 2176 1023 2237 contrahendum
1042 2193 1140 2237 arma·

128 2257 257 2323 6menta
277 2262 463 2337 disponeret.
492 2262 570 2321 lllad
589 2269 660 2321 ante
676 2261 777 2320 omnia
793 2260 907 2334 cogita,
928 2261 1053 2320 loedam
1069 2274 1140 2321 esse

157 2355 187 2407 et
198 2347 418 2407 exsecrabilem
429 2345 490 2405 vim
502 2345 634 2406 nocendi
645 2351 675 2404 et
686 2343 903 2405 alienissimam
913 2343 1039 2418 bomini,
1054 2345 1141 2404 cuius

158 2430 308 2490 beneficio
336 2432 425 2490 etiam
451 2445 546 2490 saeva
567 2435 796 2489 mansuescunt.
832 2427 961 2503 adspice
985 2434 1143 2489 tuuroncn

158 2512 230 2586 iugo
257 2514 335 2572 colla
361 2511 514 2572 submissa
540 2519 570 2571 et
592 2513 816 2586 elephantorum
836 2510 942 2587 pueris
965 2510 1084 2585 pariter
1108 2525 1144 2571 ac

159 2593 279 2653 leminis
303 2595 541 2668 persultantibus
562 2601 649 2667 terga
674 2594 790 2667 inpune
811 2597 928 2655 calcata
950 2599 981 2653 et
1003 2593 1144 2668 repentis

159 2677 236 2736 inter
264 2677 375 2750 pocula
402 2676 550 2750 sinusque
570 2676 694 2736 innoxio
716 2678 807 2751 lapsu
831 2678 982 2761 dracones
1007 2685 1040 2736 et
1064 2679 1146 2738 intra

159 2761 282 2820 domum
296 2774 438 2820 ursorum
452 2759 638 2834 leonumque
653 2776 708 2820 ora
723 2759 843 2835 placida
853 2760 1053 2822 necantibus
1068 2762 1146 2822 adu·

159 2843 311 2917 lautisque
332 2841 486 2904 dominum
507 2844 604 2903 leras=
633 2845 759 2918 pudebit
780 2860 849 2904 eum
869 2843 1051 2905 animalibus
1075 2860 1145 2921 per

132 2922 296 2990 lmutusse
311 2942 423 2988 mores.
445 2927 537 2988 Nefas
553 2934 601 2986 est
615 2942 728 2988 nocere
744 2927 874 3003 patriae=
894 2943 968 3003 ergo
990 2926 1050 2987 civi
1066 2944 1146 3003 quo·

162 3026 236 3085 que,
259 3028 327 3071 nam
348 3010 399 3070 hio
421 3027 492 3085 pars
516 3010 632 3084 patriae
647 3019 703 3072 est.
736 3016 861 3071 sanctae
881 3018 985 3086 partes
1006 3018 1097 3086 sunt,
1120 3011 1147 3073 si

160 3093 337 3155 universum
357 3093 533 3154 venerabile
554 3101 610 3155 est.
641 3109 714 3168 ergo
736 3102 767 3154 et
789 3094 919 3168 bomini,
944 3110 1015 3154 uam
1040 3094 1094 3154 hic
1117 3096 1147 3154 in

161 3175 275 3236 maiore
297 3176 349 3237 tibi
369 3177 446 3236 urbe
468 3177 542 3237 civis
563 3185 619 3238 est.
653 3178 732 3251 Quid
751 3178 778 3238 si
798 3192 912 3238 nocere
926 3178 1019 3237 velint
1033 3193 1145 3239 manus

161 3258 315 3335 pedibust
335 3260 474 3330 manibus
489 3260 592 3321 oculi?
610 3268 643 3321 ut
657 3259 760 3321 omnia
777 3262 855 3320 inter
869 3276 905 3321 se
919 3260 1057 3320 membra
1071 3277 1142 3323 con

161 3343 310 3416 sentiunt,
327 3342 398 3418 quia
413 3342 534 3418 singula
548 3345 664 3405 servari
679 3345 771 3405 totius
786 3344 925 3418 interest,
947 3345 989 3404 ita
1001 3343 1146 3406 homines

161 3425 290 3504 singulis
305 3433 439 3504 parcent,
457 3427 529 3504 quia
542 3429 583 3489 ad
597 3435 717 3490 coetum
731 3427 824 3503 geniti
837 3434 917 3489 sunt.
940 3429 1028 3487 salva
1041 3435 1147 3490 atatem
