2378 3856
255 203 385 266 LUDUS
399 206 451 265 DE
465 205 598 267 MORTE
613 208 779 271 CLAUDII.
802 219 916 274 9-11.
950 238 954 251 ¹
1005 210 1067 276 271

42 440 46 444 ἱ
91 357 221 419 intuenti
241 359 410 419 domestica
430 361 519 419 mela.
551 357 655 436 ituque
676 363 727 421 ilie
747 363 895 436 omittam,
921 363 999 424 haec
1018 381 1066 435 re·

91 444 199 503 ierem.
216 442 310 502 ,Nem
332 443 449 504 etiamsi
470 443 609 504 tormen*
628 443 745 506 Graece
768 448 880 522 nescit,
906 462 966 523 ego
983 449 1064 509 scio.

89 525 690 590 ENTnooNrtoNNmnNNAfflz.
723 528 741 566 *
794 530 938 592 senescit.
996 533 1095 607 letes

91 607 322 686 contendetis,
342 617 562 684 pernatamus
574 613 632 672 sub
644 628 713 672 meo
724 613 845 673 nomine
856 614 971 688 lutens,
986 613 1072 675 hanc

89 693 163 753 mibi
175 694 307 767 gratiam
319 694 435 766 retulit,
453 703 489 756 ut
500 696 580 756 *dues
595 696 689 756 lutiae
704 703 869 771 proneptes
883 710 969 757 meas
984 699 1071 758 occi-2

90 778 461 852 derebvaberumterro,
475 781 612 839 eitonam
634 781 730 838 tamer
762 794 856 840 unum
882 781 1064 856 abnepotem

88 861 124 921 L.
134 860 284 921 Silenum.
313 861 453 934 Videris,
468 862 597 938 Iupiter,
619 879 657 922 an
673 863 704 922 in
719 875 814 923 ouusc
826 865 920 939 melu,
937 872 1019 925 certe
1033 866 1064 924 in

89 953 144 1004 tua
163 948 202 1005 sit
218 960 333 1020 aequus
353 945 488 1019 tuturus,
515 947 606 1007 etdio
619 946 707 1019 mihi,
735 947 805 1007 dive
825 947 946 1021 Claudi,
969 962 1064 1022 quare

90 1042 274 1104 quemquam
289 1043 329 1087 ex
342 1027 407 1102 his,
428 1044 509 1103 quos
526 1044 666 1105 quasque
679 1031 835 1105 occidisti,
850 1040 1014 1106 antequam
1025 1032 1064 1091 de

90 1123 185 1171 cause
196 1127 413 1187 cognosceres
427 1119 589 1190 antequem
602 1114 735 1187 audires,
746 1114 920 1182 damnasti?
941 1115 1001 1175 hoc
1010 1116 1063 1175 ubi

91 1194 158 1254 fieri
172 1196 271 1255 solett
293 1197 323 1254 in
340 1197 427 1255 coelo
444 1212 503 1255 non
519 1198 561 1257 fit.

151 1279 201 1337 XI.
223 1280 305 1338 Ecce
317 1279 447 1354 Iupiter,
466 1281 522 1354 'qui
535 1288 582 1339 tot
596 1295 695 1341 annos
709 1285 830 1353 regnat,
857 1281 910 1340 uni
924 1282 1062 1342 Volcano
1075 1289 1091 1340 1

90 1376 160 1422 crus
176 1363 278 1436 tregit,
295 1378 387 1437 quern
801 1399 804 1404 -

188 1442 263 1526 bite
278 1438 382 1518 ποδὸς
396 1436 544 1524 τεταγὼν
558 1435 623 1506 det
639 1443 747 1526 βηλοῦ
758 1447 963 1524 θεσπεσίοιο,

90 1535 171 1602 [etin
186 1536 305 1588 beennon
319 1535 395 1587 coele
413 1535 585 1601 deturbavit,
607 1535 816 1602 non-extinxit}
845 1539 875 1591 et
894 1530 990 1591 iratus
1008 1532 1063 1592 suit

90 1613 177 1674 uxori
199 1620 229 1672 et
250 1612 412 1689 suspendit
432 1614 527 1673 iilemr
554 1612 703 1688 numquid
725 1613 858 1675 occidit?
885 1615 930 1675 Tu
944 1615 1065 1676 Messa-

77 1696 195 1772 ¹linum,
223 1699 312 1757 cuius
333 1712 434 1772 aeque
452 1699 625 1757 avunculus
645 1697 742 1758 maior
761 1713 844 1758 erum
867 1714 957 1774 quum
982 1706 1061 1772 tuus,

89 1780 239 1840 occidisti.
268 1782 396 1855 Nescio,
411 1782 534 1855 inquiet
552 1778 870 1842 stetinensium
892 1782 971 1843 adeo
984 1782 1062 1841 istuc

88 1866 207 1939 turpius
222 1872 284 1938 est,
309 1866 392 1941 quod
414 1865 540 1925 nescisti
556 1880 647 1939 quom
664 1865 748 1940 quod
762 1867 911 1926 occidisti.
945 1867 974 1925 C.
990 1866 1090 1928 Cae-2

89 1964 191 2008 sarem
206 1959 269 2008 non
284 1949 375 2009 desiit
383 1957 538 2008 mortuum
554 1950 710 2025 persequi
739 1948 895 2010 occiderat
909 1950 959 2011 ille
975 1964 1061 2009 soce·

87 2049 171 2092 rumr
193 2032 293 2092 hicet
313 2048 470 2107 generum
502 2033 592 2093 Cuius
613 2033 726 2093 Caesar
740 2033 844 2092 Crassi
858 2034 952 2092 filium
968 2034 1062 2092 vetuit

87 2116 234 2191 Magnum
247 2117 367 2176 vocari=
389 2116 438 2176 bic
452 2132 562 2176 nomen
578 2117 619 2176 iiii
632 2116 778 2188 reddidit,
795 2123 887 2192 ceput
901 2117 975 2174 iuiit.
1005 2114 1061 2175 Oc·

89 2199 163 2259 cidit
184 2200 223 2258 in
236 2216 298 2260 uno
318 2201 411 2261 domo
431 2201 576 2260 cressum
590 2199 750 2273 Magnum,
772 2198 976 2272 Scriboniam,
999 2198 1061 2256 Tri·

88 2280 244 2358 stionium,
261 2286 463 2361 [Bistoniam]
478 2283 694 2353 Assurionem,
711 2283 829 2342 nobiles
842 2291 958 2342 tumen:
974 2281 1060 2341 Cras-

88 2380 157 2428 sum
172 2381 246 2428 vero
261 2375 323 2427 tum
338 2369 469 2441 tainum,
485 2375 520 2429 ut
532 2368 621 2426 etiem
631 2380 760 2440 regnem
771 2373 888 2441 posset.
917 2365 1090 2440 cogitatet

87 2451 119 2511 P..
130 2450 173 2523 (t,
192 2453 283 2526 oncle
297 2455 470 2526 portentum
483 2451 515 2510 in
530 2464 689 2511 numerum
705 2451 832 2509 deorum
850 2465 885 2508 se
899 2449 995 2524 recipi
1010 2464 1061 2509 cu·

88 2535 161 2612 piat„
200 2537 352 2613 [Principes
372 2541 476 2610 pietate
497 2545 526 2593 et
539 2539 646 2595 iustitie
659 2539 697 2600 dii
711 2540 787 2592 dunt.
815 2538 930 2592 Scilicet
943 2538 986 2590 bic
1000 2539 1060 2607 pius

88 2632 117 2675 et
130 2624 231 2691 iustus,
253 2625 374 2694 quonium
385 2625 544 2677 Druidarum
555 2624 675 2693 perfidae
690 2624 779 2692 gentis
791 2623 912 2677 Gallicae
925 2622 1060 2675 immunem

86 2707 259 2775 religionem,
275 2727 291 2760 a
305 2727 356 2779 que
366 2711 441 2762 cives
454 2710 652 2775 submoverem,
668 2724 779 2776 prorsus
789 2708 951 2777 extirpavit,
964 2713 996 2759 ut
1006 2707 1061 2758 Ro·

87 2805 145 2843 mae
160 2791 312 2857 nuptiarum
324 2809 401 2845 neore
415 2800 519 2857 essent,
546 2794 641 2862 quibus
661 2793 737 2860 ipse,
764 2808 822 2844 cum
841 2793 895 2844 eibi
909 2790 1061 2856 Agrippina

87 2874 218 2938 nuberet,
244 2873 333 2925 XXX.
360 2875 561 2939 -Senaboribus,
588 2876 731 2926 innumeris
755 2875 809 2942 ltq.
830 2874 908 2930 Rom.
928 2873 1060 2937 mactetis,

86 2957 248 3026 principium
263 2957 360 3024 dedit]
390 2949 472 3011 bunc
487 2967 568 3011 nunc
583 2951 673 3010 deum
689 2952 791 3009 iacere
807 2951 922 3011 vultist
948 2949 1059 3009 Videte

88 3051 203 3109 corpus
220 3034 285 3095 eius
299 3035 349 3094 dis
363 3034 447 3094 iretis
463 3041 573 3094 nutum.
603 3034 643 3093 ad
658 3048 806 3094 summum
820 3035 878 3094 tria
890 3034 986 3093 verba
1001 3035 1059 3093 cito

88 3119 169 3178 dieat
183 3126 213 3178 et
230 3135 351 3179 servum
367 3135 416 3179 me
432 3119 532 3178 ducat.
568 3119 657 3178 Hunc
674 3117 763 3176 deum
779 3117 849 3192 quis
865 3119 966 3178 coleti
991 3116 1089 3190 quise

88 3203 213 3262 credet?
234 3204 305 3263 dum
318 3203 396 3263 teies
407 3200 484 3263 deos
496 3201 605 3275 facitis,
618 3216 708 3260 nemo
716 3201 857 3261 vosdeos
865 3216 937 3261 esse
945 3200 1058 3259 credet.

88 3285 213 3346 Summe
227 3288 285 3362 rei,
307 3286 340 3351 P.
354 3287 395 3360 0.,
407 3285 435 3345 si
448 3286 577 3345 honeste
593 3291 659 3359 [me]
675 3285 753 3345 inter
764 3301 821 3345 vos
832 3284 931 3359 gessi,
947 3282 975 3343 si
986 3281 1059 3342 nulli

88 3370 194 3429 durius
206 3371 365 3447 respondi,
378 3371 532 3430 vindicate
542 3370 667 3430 iniurias
679 3384 773 3428 meas.
794 3369 860 3442 Ego
873 3383 930 3442 pro
938 3374 1059 3427 senten-

87 3450 128 3510 tie
140 3469 208 3513 mea
219 3455 278 3515 hoc
287 3468 400 3516 censeo
408 3459 435 3510 =“
456 3451 920 3529 atqueitaextabeilarecituvit=
940 3449 1087 3526 „Quen-⁵
