2378 3856
209 215 404 276 nccrnnnr
426 214 508 275 run
531 215 795 276 raovrornvrrn
816 187 889 276 sn]
917 217 969 275 rv.
1040 214 1080 279 ιι

98 385 156 430 sua
177 369 286 444 portio.
316 367 457 442 quisquis
472 366 594 426 videtur
614 366 761 428 dimissus
782 380 869 438 osse,
893 367 1004 426 dilatus
1024 377 1080 428 est.

80 453 200 550 Quare
220 452 297 511 deus
324 450 471 525 optimum
494 465 648 525 quemque
669 455 721 509 aut
740 450 822 509 mala
843 450 1009 511 valitudine
1031 460 1111 517 aute

80 516 183 596 luctu
197 542 249 594 aut
264 535 331 594 aliis
347 534 549 594 incommodis
562 529 665 593 a'dfrcit
671 540 686 591 t
653 533 779 607 tquia
792 534 821 593 in
835 534 944 594 castris
958 549 1082 609 quoqne

96 618 275 695 periculosa
291 617 493 677 fortissimis
485 633 621 693 imperan
623 624 685 690 t‚ur
708 617 772 676 dux
791 617 975 677 lectissimos
995 617 1084 678 mittit

98 703 151 778 qui
172 701 329 762 nocturnis
349 700 456 762 hostes
477 701 694 775 adgrediamur
712 700 833 760 insidiis
855 706 907 777 aut
922 703 1084 775 explorent

96 787 155 846 iter
169 793 222 845 aut
233 783 419 860 praesidium
433 784 503 844 loco
519 783 659 843 deiciant.
682 799 771 844 nemo
785 799 891 844 eorum
904 783 956 859 qui
970 791 1084 845 exeunt

98 868 187 928 dicio
208 869 288 928 male
304 868 342 927 de
357 884 406 926 me
420 868 586 942 imperator
600 868 724 941 meruit,
740 867 811 927 sed:
832 868 911 927 bene
926 867 1081 928 iudicavit.

97 952 181 1012 idem
202 953 305 1012 dicant
326 953 512 1026 quicumque
532 950 675 1011 iubentur
689 950 753 1026 pati
772 950 884 1010 timidis
900 951 1122 1027 ignavisque‘

86 1035 227 1095 ·ilebilia=
243 1035 326 1110 digni
341 1035 399 1096 visi
414 1050 521 1095 sumus
536 1035 595 1093 deo
607 1035 637 1092 in
651 1035 761 1109 quibus
774 1034 971 1109 experiretun
987 1051 1083 1109 quan·

98 1126 163 1180 tum
184 1118 318 1179 hnmana
338 1125 446 1178 natura
467 1125 576 1194 posset
596 1118 668 1192 pati.
699 1118 807 1192 Fugite
824 1117 966 1189 delicias,
988 1117 1111 1197 fugitet)

97 1209 273 1262 enervatam
294 1202 483 1274 felicitatem,
505 1216 565 1276 qna
586 1201 677 1260 animi
699 1201 936 1275 permadescunt
957 1208 1001 1274 et,
1024 1200 1084 1262 nisi
1102 1233 1122 1247 ν

97 1286 214 1360 aliquid
234 1286 396 1346 intervenit
416 1287 500 1361 quod
520 1285 670 1344 humanae
692 1285 784 1344 sortis
801 1285 979 1358 admoneat,
1000 1286 1085 1345 velut
1179 1282 1180 1290 ’

97 1375 246 1444 perpetua
264 1370 409 1428 ebrietate
424 1369 525 1444 sopiti.
550 1383 640 1443 quem
655 1368 828 1442 specularia
842 1362 965 1442 semper
979 1367 1019 1426 ab
1030 1369 1083 1428 ad-

98 1452 176 1512 flatu
197 1453 444 1526 vindicaverunt,
471 1453 558 1512 ouius
580 1451 678 1525 pedes
699 1452 776 1511 inter
793 1452 930 1512 'fomenta
951 1450 1083 1512 subinde

97 1543 214 1595 mutata
233 1542 410 1610 tepuerunt·
430 1536 517 1596 cuius
538 1535 735 1597 coenationes
758 1533 899 1595 subditus
915 1540 945 1596 et
959 1533 1082 1610 parieti·
1177 1573 1179 1577 .

97 1619 159 1679 bus
183 1620 385 1681 circumfusus
408 1620 492 1701 calor
511 1621 703 1694 temperavit,
726 1620 807 1679 huno
827 1620 905 1679 levis
926 1635 1001 1679 aura
1020 1634 1082 1678 non

98 1702 167 1762 sine
182 1704 318 1777 periculo
334 1703 573 1778 stringentium
592 1704 693 1763 omnia
709 1718 788 1778 quae
804 1709 1005 1762 excesserunt
1019 1719 1082 1762 mo·
1071 1707 1126 1759 -lo

97 1787 171 1846 durn
185 1790 324 1860 noceant7
341 1787 603 1861 periculosissima
614 1786 764 1847 felicitatis
776 1786 1009 1862 intemperantia
1020 1794 1082 1848 est·

97 1876 202 1930 movet
218 1871 391 1944 cerebrum,
413 1869 444 1929 in
457 1887 555 1930 vanas
571 1872 711 1931 mentes
703 1871 851 1945 imagines
867 1876 991 1944 evocat,
1006 1871 1083 1930 mul-

97 1961 162 2011 tum
176 1952 254 2011 inter
268 1953 378 2014 falsum
394 1970 430 2013 ac
443 1971 550 2014 verum
563 1954 682 2014 mediae
696 1954 834 2028 caliginis
846 1955 954 2015 fundit
978 1953 1084 2028 quidni

97 2035 136 2093 iis
152 2042 199 2094 sat
200 2036 247 2095 ius
263 2037 302 2096 sit
322 2044 501 2111 perpetuam
520 2037 724 2098 infelicitatem
739 2038 890 2097 advocata
905 2035 1016 2096 virtute
1031 2053 1082 2096 su-

98 2118 214 2177 stinere
234 2135 327 2192 quam
345 2118 470 2196 infinitis
491 2129 584 2195 atque
601 2120 763 2180 inmodicis
783 2119 874 2179 bonis
895 2119 1016 2195 rumpit
1042 2120 1082 2179 le-

97 2199 168 2258 nior
187 2199 299 2259 ieiunio
323 2217 406 2261 mors
426 2210 487 2263 est:
511 2202 658 2262 cruditate
679 2202 841 2262 dissiliunt.
872 2203 959 2262 Hanc
980 2203 1121 2276 itaquel!

98 2282 294 2342 rationem'di
316 2291 487 2356 sequuntur
500 2285 530 2343 in
546 2284 636 2343 bonis
650 2283 741 2355 viris,
758 2300 850 2357 quam
870 2283 901 2343 in
922 2284 1082 2357 discipulis

98 2367 164 2426 suis
181 2373 414 2440 praeceptores,
432 2367 484 2441 qui
499 2366 567 2440 plus
582 2364 698 2425 laboris
713 2365 802 2425 abiis
817 2365 957 2438 exigunt,
972 2364 1003 2423 in
1016 2367 1082 2440 qui-

96 2449 157 2510 bus
180 2450 290 2509 certior
311 2464 385 2523 spes
408 2457 464 2513 est
495 2447 643 2524 numquid
661 2449 714 2509 tu
706 2449 825 2509 invisos
842 2463 913 2509 esse
927 2448 1082 2508 Lacedae·

96 2533 209 2594 moniis
231 2534 344 2594 liberos
360 2549 437 2592 suos
452 2533 568 2607 credis,
591 2549 720 2630 quorum
736 2533 935 2608 experiuntur
948 2532 1083 2593 indolem

97 2617 222 2692 publice
231 2617 413 2677 verberibus
428 2616 603 2677 admotis?
595 2617 655 2691 lpsi
669 2616 738 2678 illos
754 2624 857 2691 patres
873 2607 1083 2688 adhortantur,'

96 2707 131 2761 ut
150 2701 229 2760 ictus
244 2698 436 2774 flagellorum
451 2702 568 2760 fortiter
582 2701 737 2775 perferant
755 2707 787 2761 et
804 2702 924 2761 laceros
940 2716 976 2760 ac
991 2700 1082 2760 senri-

97 2783 215 2843 auimes
231 2792 354 2858 rogant,
372 2791 572 2859 perseverent
587 2785 712 2844 volnera
727 2784 877 2859 praebere
892 2784 1080 2854 volneribus.
1092 2793 1127 2810 ·‘
1167 2823 1168 2826 ,

97 2866 178 2941 Quid
200 2867 321 2939 mirum,
349 2869 376 2927 si
402 2868 478 2927 dure
497 2872 668 2942 generosos
689 2868 815 2942 spiritus
837 2865 1123 2941 deustemptatt12

95 2962 265 3024 numquam
288 2949 405 3010 virtutis
426 2952 518 3010 molle
538 2952 752 3010 documentum
774 2959 831 3010 est.
863 2950 1005 3009 verberat
1022 2965 1080 3022 nos

96 3040 129 3094 et
144 3033 262 3093 'lacerat
282 3033 412 3094 fortuna.
444 3033 609 3108 patiamur:
628 3049 690 3094 non
708 3041 756 3093 est
770 3032 911 3106 saevitia,
928 3039 1080 3092 certamen

96 3124 160 3190 est,
177 3117 267 3191 'quod
288 3116 317 3176 si
337 3117 463 3192 saepius
481 3118 661 3191 adimimus,
684 3115 827 3178 fortiores
851 3120 974 3177 erimus.
1007 3117 1080 3176 soli·

95 3199 225 3260 dissime
246 3201 386 3274 eorporis
408 3216 481 3275 pars
502 3210 550 3262 est
571 3217 662 3276 quam
683 3202 828 3275 frequens
849 3217 926 3261 usus
943 3200 1079 3275 agitavit:

95 3282 267 3358 praebendi
287 3285 427 3345 fortunae
441 3301 563 3357 sumus,
584 3291 618 3345 ut
637 3292 743 3346 contra
757 3285 837 3344 illam
853 3284 892 3343 ab
906 3285 977 3358 ipsa
991 3283 1080 3342 dure·

94 3381 174 3425 mur.
197 3368 340 3440 paulatim
356 3382 415 3427 nos
430 3368 487 3428 sibi
502 3384 593 3443 pares
609 3367 709 3429 faciat.
738 3375 944 3442 contemptum
1032 3378 1079 3425 ru·

96 3457 196 3509 lorum
211 3449 380 3512 adsiduitas
397 3450 587 3524 periclitandi
602 3450 695 3510 dabit.
718 3449 904 3510 Sicsuntna
