2378 3856
253 219 355 278 urat.
376 219 428 276 ΙΙΙ.
455 217 507 277 DE
521 217 590 277 IRA
603 217 676 274 LlB.
699 217 720 275 l.
742 223 839 276 1-3.
991 215 1032 279 37

48 425 50 427 ,
146 371 230 445 [Ira
265 377 321 430 cst
349 369 546 444 cupiditas
575 371 824 429 ulciscendae
855 373 1062 434 iniuriael

53 463 119 529 aut,
140 457 236 528 utait
253 454 442 524 Posidonius,
467 454 661 528 cupiditas
677 454 872 528 puniendi
899 457 1034 527 eius,a

54 556 124 614 quo
144 546 177 598 tc
197 540 325 611 inique
341 539 618 636 puteslaesum.
642 536 769 606 Quidam
783 541 824 597 ita
838 537 1033 611 definierunt:

55 628 116 683 ira
136 631 195 682 est
209 624 386 681 incitatio
400 623 520 682 animi
538 621 864 693 adnocendumei,
885 625 950 696 qui
965 629 1035 682 aut

55 709 188 768 nocuit
212 710 278 765 aut
296 721 435 765 nocere
457 720 498 763 oo
505 706 600 776 luit]

139 791 203 832 ***
229 797 382 864 tamquam
408 796 460 848 aut
479 803 582 848 curam
603 795 739 849 nostram
755 788 967 848 deserentibus
982 748 1061 851 auti

49 874 265 935 auctoritatem
280 879 351 932 cont
339 871 553 932 temnentibus.
587 872 687 945 ouidi
706 872 924 969 gladiatoribus
938 889 1034 948 quare

56 960 191 1034 populus
211 957 352 1017 irascitur
371 963 476 1017 ettam
490 957 609 1032 inique,
630 964 663 1016 ut
683 956 823 1016 iniuriam
837 963 933 1032 putet,
950 958 1034 1033 quod

56 1057 118 1101 non
133 1042 259 1101 libenter
275 1047 423 1116 pereunti
458 1041 610 1101 contemni
632 1056 668 1099 se
687 1040 800 1100 iudicat
820 1047 850 1099 et
862 1041 962 1112 voltu,
978 1057 1035 1115 ge-

57 1133 115 1199 stu,
137 1124 248 1185 ardore
263 1140 281 1183 a
296 1131 470 1200 spectatore
489 1123 520 1183 in
536 1125 747 1183 adversarium
767 1123 901 1182 vertitur.
946 1123 1062 1198 Quia-6

58 1210 133 1285 quid
152 1217 201 1269 est
219 1209 294 1281 tale,
316 1215 445 1269 nonest
467 1209 525 1277 ira,
548 1208 604 1267 sed
626 1207 715 1280 quasi
737 1207 795 1275 ira,
818 1208 897 1266 sicul
920 1224 1036 1281 puero-

50 1310 137 1367 rum,
160 1293 253 1368 quisi
269 1292 458 1362 cecideruut,
480 1299 591 1352 terram
607 1290 760 1372 verberari
774 1291 880 1348 volunt
897 1299 926 1350 et
941 1307 1036 1366 saepe

56 1394 96 1437 ne
111 1376 213 1438 sciunt
226 1376 363 1451 quidem,
386 1376 434 1436 cui
449 1375 632 1444 irascantur,
655 1372 712 1433 sed
725 1379 841 1434 tantum
856 1375 1036 1445 irascuntur,

56 1462 124 1521 sine
139 1475 234 1520 causa
248 1465 278 1517 et
292 1459 360 1518 sine
374 1459 497 1530 iniuria,
520 1473 582 1518 non
596 1463 696 1517 tamen
712 1455 779 1517 sine
793 1459 895 1533 aliqua
909 1457 1036 1518 iniuriae

57 1545 163 1620 specie
179 1556 236 1601 neo
251 1541 319 1600 sine
333 1541 436 1616 aliqua
451 1557 569 1616 poenae
585 1539 759 1616 cupiditate.
788 1543 972 1602 deluduntur
983 1542 1036 1602 ita-

57 1643 118 1704 que
140 1625 304 1686 imitatione
327 1627 483 1701 plagarum
499 1633 529 1685 et
543 1625 691 1685 simulatis
706 1625 936 1700 deprecantium
951 1626 1037 1687 lacri-

56 1712 115 1772 mis
132 1710 290 1785 placantur
305 1717 336 1770 et
350 1710 428 1769 ialsa
443 1711 558 1769 ultione
573 1711 670 1770 ialsus
686 1711 775 1769 dolor
790 1709 912 1770 tollitur.

120 1795 171 1853 ΙΙΙ.
205 1794 402 1868 „lrascimur,
418 1794 530 1868 inquit,
547 1809 641 1868 saepe
656 1810 717 1852 non
733 1794 791 1853 illis
809 1793 859 1868 qui
876 1795 1065 1866 laeserunt,l

57 1879 116 1940 sed
135 1877 173 1938 iis
197 1878 250 1954 qui
273 1879 386 1938 laesuri
408 1884 494 1938 sunt:
516 1883 549 1937 ut
572 1878 652 1937 scias
674 1879 749 1936 iram
765 1893 826 1937 nou
843 1883 981 1950 [tantum]
999 1892 1039 1935 ex

57 1962 166 2022 iniuria
181 1962 297 2022 nasci.“
337 1964 453 2022 Verum
474 1968 522 2021 est
542 1960 633 2020 irasci
655 1977 712 2021 nos
728 1960 873 2032 laesuris,
899 1961 956 2020 sed
971 1962 1040 2035 ipsa

59 2045 243 2120 cogitatione
258 2061 316 2105 nos
333 2044 458 2105 laedunt
475 2052 505 2105 et
519 2045 657 2104 iniuriam
674 2045 725 2120 qui
747 2046 880 2104 lactarus
896 2051 956 2112 cst,
979 2045 1038 2102 iarn

59 2128 142 2188 iacit.
164 2129 233 2202 ·‚,Ut
249 2129 347 2199 selas,
365 2129 478 2203 inquit,
499 2145 560 2188 non
576 2143 647 2188 esse
662 2128 735 2188 iram
755 2143 875 2203 poenae
892 2127 1068 2201 cupidita-2

58 2221 130 2284 tem,
146 2211 343 2270 infirmissimi
355 2227 450 2286 saepe
460 2209 681 2286 potentissimis
692 2211 874 2271 irascuntur.
896 2225 954 2270 nee
966 2225 1040 2284 poe-

59 2311 131 2356 nam
147 2295 371 2368 concupiscunt
386 2310 477 2369 quarn
492 2310 552 2354 non
568 2298 722 2367 sperant.“
759 2293 891 2352 Primum
907 2294 1040 2354 diximus

61 2377 257 2454 cupiditatem
272 2391 344 2437 esse
361 2393 480 2452 poenae
495 2376 673 2451 exigendae,
687 2393 747 2436 non
763 2378 945 2437 facultatem.
968 2393 1040 2437 con-

61 2462 225 2537 cupiscunt
239 2469 340 2521 autern
353 2460 494 2521 homines
515 2467 640 2535 atquae
661 2475 722 2518 non
746 2469 885 2535 possunt.
924 2460 1041 2520 Deinde

60 2561 150 2606 nemo
177 2552 235 2605 tam
256 2544 381 2605 humilis
402 2551 465 2617 est,
491 2543 543 2619 qui
565 2558 696 2618 poenam
717 2547 768 2604 vel
786 2546 895 2604 summi
909 2544 1040 2604 hominis

61 2644 188 2706 sperare
204 2645 265 2702 non
280 2626 394 2703 passitz
418 2629 457 2686 ad
472 2628 646 2688 nocendum
657 2626 802 2702 ¹potentes
821 2645 937 2689 sumus.
972 2626 1070 2690 Ari-a

62 2713 181 2774 stotelis
196 2713 291 2772 finitio
306 2727 368 2771 non
383 2713 507 2772 multum
521 2727 540 2770 a
554 2717 660 2771 nostra
674 2711 770 2771 abest.
808 2711 849 2772 ait
867 2713 946 2771 enim
967 2711 1041 2768 iram

62 2811 135 2858 esse
158 2795 412 2871 cupiditatem
433 2795 586 2856 doloris
606 2795 832 2870 reponendi.
873 2794 951 2868 Quid
965 2794 1042 2853 inter

49 2880 199 2962 ,nostram
215 2885 245 2939 et
257 2879 337 2939 hane
352 2878 519 2939 unitionem
540 2878 670 2950 intersit,
696 2879 826 2955 exsequi
846 2880 971 2951 longum
986 2883 1042 2934 est.

63 2971 171 3025 eonua
185 2970 346 3038 utramque
361 2960 472 3021 dicitur
489 2962 570 3020 ieras
592 2960 684 3020 irasci
705 2975 762 3019 nec
782 2960 892 3019 iniuria
906 2959 1042 3018 inritatus

63 3063 122 3108 nee
148 3061 266 3121 poenae
288 3045 445 3127 dolorisve
464 3043 554 3103 alieni
578 3059 682 3104 causa.
731 3059 800 3102 nam
822 3043 940 3103 etiamsi
966 3042 1043 3102 haee

65 3131 211 3203 efficiunt,
235 3146 296 3191 nou
312 3131 389 3191 haec
405 3135 520 3204 petunt.
559 3125 622 3187 Sed
644 3127 805 3186 dicendum
829 3135 876 3188 est
897 3129 978 3187 seras
1000 3125 1072 3190 irat

65 3230 171 3276 carere
185 3221 215 3275 at
235 3214 336 3274 omnia
351 3218 471 3288 praeter
485 3210 648 3272 hominem.
686 3227 755 3269 nam
776 3226 844 3270 cum
866 3210 905 3270 sit
923 3211 1044 3271 inimica

64 3298 189 3373 rationi,
215 3313 368 3373 nusquam
390 3303 489 3355 tamon
512 3294 661 3368 nascitur,
688 3294 746 3354 nisi
767 3294 819 3354 ubi
833 3295 941 3354 rationi
956 3297 1043 3353 locus

67 3389 123 3442 est.
153 3383 278 3456 inpetus
293 3380 407 3439 hubent
422 3380 520 3452 ierac,
540 3379 670 3451 rabiem,
692 3379 854 3448 feritatem,
871 3379 1042 3437 incursum=

67 3465 143 3526 iram
158 3463 280 3540 quidem
299 3478 360 3523 uon
377 3462 474 3536 magis
492 3478 583 3536 quam
598 3463 757 3521 luxuriam.
796 3467 827 3518 et
841 3461 871 3517 in
894 3458 1043 3532 quasdam
