2378 3856
121 198 183 262 132
308 196 341 255 L.
363 194 510 255 ANNAEl
531 194 706 254 SENECAE
728 194 829 254 uiui.
852 192 905 253 v1.

121 355 260 430 legiones
281 352 311 410 in
327 358 496 425 conspectu
511 363 568 407 suo
590 360 709 405 caesas.
732 354 764 405 et
786 358 826 403 ex
846 343 899 404 illo
920 345 1057 421 proelio,
1077 345 1108 408 in

122 455 184 513 quo
201 436 299 513 prima
310 432 393 492 acies
406 438 531 492 senatus
544 428 608 500 fuit,
625 443 705 505 quae
718 427 848 487 infelicis
857 426 1011 502 reliquiae
1024 443 1107 504 suut,

120 524 222 596 ipsum
242 519 455 594 imperatorem
476 513 682 588 superfuisse!
705 510 782 570 vidit
793 510 984 588 Aegyptium
1005 516 1107 575 carni·

121 604 210 664 licem
224 608 255 662 et
269 604 499 661 sacrosanctum
519 596 688 657 victoribus
709 609 822 669 corpus
837 594 960 654 satelliti
972 598 1106 671 praesti·

120 688 170 756 tit,
186 682 305 747 etiamsi
325 681 485 743 incolumis
508 679 630 751 fuisset,
648 677 866 753 poenitentiam
886 677 1000 740 salutis
1021 689 1106 741 actu.

119 787 182 830 rus.
212 768 287 845 quid
301 768 379 827 enim
402 772 467 824 erat
480 764 600 837 turpius
617 778 708 837 quarn
721 760 900 836 Pompeium
920 760 1033 824 vivere
1053 764 1107 825 be-

88 854 230 916 sneflcio
245 851 349 926 regist
369 849 409 907 bl.
426 847 531 908 cicero
547 847 573 905 si
587 847 639 905 illo
656 852 801 919 tempore,
822 860 883 919 quo
898 842 1051 908 Catilirme
1065 848 1106 908 si·

120 954 173 998 cas
189 934 343 1004 devitavit,
363 931 475 1007 quibus
490 930 605 1005 pariter
625 944 692 988 cum
714 927 812 1003 patria
826 927 940 1003 petitus
955 937 1017 1003 est,
1033 946 1103 992 coa·

119 1019 246 1078 cidisset
260 1016 387 1076 liberata
401 1013 560 1088 republica
575 1019 714 1072 servator
728 1012 805 1072 eius.
831 1010 859 1071 si
874 1011 1011 1087 denique
1023 1014 1105 1075 filiae

119 1118 195 1162 suae
217 1101 308 1160 funus
329 1106 454 1159 secutus
476 1104 575 1169 esset,
603 1095 767 1156 etiamtunc
795 1095 867 1154 felix
894 1096 971 1157 mori
994 1099 1104 1174 potuit.

119 1203 180 1246 non
196 1184 327 1243 vidisset
341 1183 463 1243 strictos
477 1181 507 1241 in
520 1180 621 1240 civilia
633 1180 733 1254 capita
750 1193 913 1240 mucrones
932 1194 992 1240 nac
1004 1180 1104 1242 divisa

120 1266 358 1345 percussoribus
374 1267 548 1328 occisorum
563 1265 654 1336 bona,
674 1271 708 1323 ut
722 1261 813 1323 eiiam
828 1262 867 1322 de
880 1278 939 1324 suo
955 1265 1103 1338 perirent,

119 1370 180 1414 non
195 1352 316 1412 hastam
330 1348 505 1412 consularia
525 1347 625 1423 spolia
637 1347 821 1407 vendentem
835 1360 892 1405 nec
906 1346 1025 1408 caedes
1047 1363 1103 1409 nec

119 1439 220 1497 locata
234 1435 356 1510 publice
374 1425 540 1504 latrocinia,
563 1432 651 1502 bella,
673 1431 807 1505 rapinas,
829 1436 945 1490 tantum
960 1430 1102 1493 Catilina·

88 1522 195 1579 drum.
221 1517 358 1576 Marcum
380 1516 523 1575 Catonem
545 1515 570 1574 si
591 1513 728 1592 acypro
750 1521 779 1572 et
800 1512 978 1575 hereditatis
1000 1516 1103 1592 regiae

120 1600 352 1675 dispensatione
371 1599 550 1658 redeuntem
577 1613 661 1657 mare
681 1598 863 1658 devorasset
887 1598 937 1658 vel
957 1613 1032 1660 aum
1052 1600 1103 1659 illa

120 1686 190 1759 ipsa
210 1682 355 1759 pecunia,
381 1697 477 1757 ‚quam
506 1680 665 1741 adferebat
689 1680 770 1740 civili
795 1680 876 1743 bello
903 1681 1101 1758 stipendium,

120 1783 221 1828 nonne
236 1765 278 1826 illi
293 1767 483 1826 benenatum
498 1766 596 1825 forett
615 1764 675 1825 hoc
690 1771 772 1825 certe
785 1779 891 1827 secum
902 1766 1035 1840 tulisset,
1050 1782 1100 1826 ne

119 1851 230 1909 minem
253 1865 398 1910 ausurum
420 1863 523 1908 coram
540 1846 655 1908 Catone
675 1863 822 1924 peccare:
850 1864 931 1909 nune
951 1864 1102 1911 annorum

120 1932 250 1992 adiectio
266 1930 522 2006 paucissimorum
542 1931 640 1991 virum
654 1931 786 1991 libertati
800 1947 860 1992 non
877 1947 954 1993 suae
974 1941 1100 2007 tantum

121 2016 177 2076 sed
195 2015 336 2091 publicae
356 2022 459 2075 natum
482 2013 582 2089 coegit
597 2013 760 2075 Caesarem
781 2015 896 2090 fugere,
920 2015 1102 2093 Pompeium

120 2099 220 2174 sequi.
243 2099 315 2159 nihil
330 2115 404 2174 argo
419 2101 490 2159 mali
508 2098 550 2158 illi
564 2098 712 2158 inmatura
721 2113 805 2158 mors
821 2099 942 2160 adtulitr
966 2101 1100 2162 omnium

120 2184 211 2242 etiam
226 2184 374 2244 malorum
388 2181 506 2243 remisit
516 2181 702 2257 patientiam.

89 2264 104 2315 1
181 2266 257 2326 XXI.
280 2265 420 2342 „Nimis
435 2273 562 2326 tamen
578 2266 655 2326 cito
669 2265 839 2340 periitet
856 2266 1101 2329 inmaturus.“

118 2350 250 2411 Primum
259 2357 331 2424 puta
339 2351 482 2428 [maltam]
492 2347 534 2408 illi
547 2347 750 2423 superfuisse.
773 2350 994 2425 conprehende
1005 2367 1100 2428 quan·

118 2440 181 2493 tum
200 2432 362 2508 plurimum
377 2434 548 2507 procedere
561 2432 677 2492 homini
691 2433 775 2492 licet:
792 2440 939 2509 quantum
953 2441 1024 2495 asti
1051 2435 1100 2495 Ad

118 2515 334 2575 brevissimum
349 2524 471 2588 tempus
487 2515 568 2587 editi,
590 2515 649 2576 cito
665 2517 784 2575 cessuri
799 2513 894 2577 loco*
913 2518 1052 2580 venienti
1071 2516 1101 2579 in

118 2594 263 2671 pactum*
278 2596 337 2656 hoc
358 2595 565 2671 prospicimus
585 2597 761 2671 hospitium.
790 2601 835 2660 De
856 2601 971 2662 uostris
996 2600 1100 2664 aetati-

118 2679 178 2739 bus
194 2680 313 2754 loquor,
337 2695 414 2753 quas
436 2678 604 2739 incredibili
626 2681 779 2740 celeritate
800 2685 944 2745 convolvi
962 2682 1100 2748 mastali

119 2770 254 2836 conputa
267 2762 387 2824 urbium
402 2763 517 2826 secula.
547 2763 666 2823 videbis
688 2779 780 2840 quam
800 2783 863 2827 nou
878 2767 931 2829 diu
951 2770 1100 2841 steterint

119 2847 207 2904 etiam
224 2863 304 2922 quae
319 2854 470 2908 vetustate
484 2846 660 2921 gloriantur.
691 2846 822 2909 Omnia
832 2850 1000 2912 humana
1014 2852 1099 2913 bre·

120 2931 181 2988 via
196 2932 395 2991 etcaduca
410 2937 498 2991 sunt
519 2939 549 2992 et
563 2930 669 2992 infiniti
684 2931 830 3006 temporis
851 2934 965 2995 nullam
980 2942 1099 3012 partem

86 3012 104 3064 2
119 3014 312 3088 occupantia.
335 3015 457 3074 Ten-am
471 3014 551 3074 hanc
566 3030 635 3073 cum
649 3014 775 3075 urbibus
794 3018 983 3092 populisque
997 3025 1029 3078 et
1043 3017 1099 3080 llu-

119 3094 251 3153 minibus
266 3104 296 3154 et
312 3097 425 3156 ambitu
439 3097 531 3156 maris
542 3094 647 3170 puncti
662 3098 730 3157 loco
744 3099 886 3172 ponimus
900 3101 941 3160 ad
952 3101 1100 3163 universa

118 3178 305 3236 referentes:
322 3179 467 3237 minorem
482 3179 652 3251 portionem
667 3188 752 3241 aetas
764 3191 871 3244 nostra
885 3200 978 3259 quam
993 3182 1099 3261 puncti

118 3258 218 3331 habet,
233 3259 260 3318 si
281 3259 361 3320 omni
377 3260 506 3333 tempori
522 3267 714 3336 conparetur,
730 3263 818 3325 cuius
833 3267 931 3328 maior
951 3274 1001 3328 est
1014 3283 1097 3328 men·

119 3359 191 3402 sura
207 3359 298 3417 quam
313 3342 426 3414 mundi,
448 3348 554 3416 utpote
568 3358 637 3402 cum
653 3344 701 3403 ille
716 3363 751 3405 se
766 3347 844 3408 intra
857 3349 948 3411 huius
964 3352 1096 3427 spatium

117 3426 228 3486 totiens
249 3424 437 3486 remetiatur:
461 3424 533 3500 quid
556 3439 630 3499 ergo
650 3426 777 3489 interest
792 3429 846 3503 [in]
865 3433 896 3493 id
917 3435 1094 3506 extendere,
