2378 3856
263 219 888 283 utnt.v.os1RnLtB.111.a-s.·
1004 221 1047 285 83
1122 257 1125 262 ·

74 370 179 431 tantia:
209 371 340 431 terarum
354 368 561 443 mehercules,
582 370 648 430 sive
671 367 739 433 illas
753 371 850 430 tames
871 372 964 446 agitat
984 373 1079 436 sivea

10 505 13 508 ⁴
74 455 199 514 irrtixum
217 453 386 514 visceribus
400 453 526 523 terrum,
554 452 653 513 minus
672 459 747 516 tetra
761 454 856 514 iacies
871 461 933 529 est,
959 456 1048 516 etiarn

72 553 141 599 cum
160 545 339 598 venatorem
359 551 447 596 suum
467 536 662 597 semianimes
679 551 785 597 morsu
806 535 911 599 ultimo
932 546 1046 613 petunt,

73 637 165 697 quam
177 619 311 681 hominis
327 619 372 680 ira
387 617 555 694 flagrantis.
589 634 662 694 age,
685 618 711 680 si
732 621 880 685 exaudire
902 637 995 682 voces
1011 638 1048 683 ac

71 704 171 765 minas
185 709 283 779 vacet,
297 703 399 780 qualia
408 701 615 763 excarnificati
628 702 719 762 anirni
729 703 825 764 verba
836 710 930 765 suntt
942 704 1049 766 Nonne
1061 715 1079 768 4

70 802 221 848 revocare
239 802 274 848 se
294 787 426 864 quisque
440 785 479 845 ab
499 786 545 845 ira
558 787 657 862 votet,
679 801 748 847 oum
768 785 950 849 intellexerit
967 789 1048 848 illam

52 942 54 945 ¹
72 888 91 932 a
112 885 170 932 suo
186 871 313 947 primurn
335 871 415 930 malo
436 867 594 944 inciperet
621 885 683 931 non
701 870 749 929 vis
772 885 846 946 ergo
867 872 1047 933 admoneam

72 971 144 1026 eos,
169 953 221 1028 qui
241 954 316 1014 iram
335 968 454 1013 summa
476 953 612 1028 potentia
631 961 776 1015 exercent
796 960 827 1014 et
840 963 1048 1030 argumentum

72 1036 180 1098 virium
200 1037 373 1098 existimant
394 1036 475 1108 etin
496 1037 615 1112 magnis
642 1053 771 1113 magnac
795 1039 935 1099 tortunae
958 1039 1048 1100 bonis

72 1127 189 1197 ponunt
202 1122 339 1197 paratam
353 1121 512 1195 ultionem,
537 1137 628 1195 quam
641 1137 702 1182 non
724 1120 787 1194 [sit]
806 1129 930 1197 potens,
956 1123 1047 1185 immo

72 1204 206 1266 neither
229 1204 352 1280 quidem
376 1204 436 1264 dici
457 1205 557 1279 possit
577 1203 641 1263 irae
662 1219 738 1263 suae
760 1211 890 1279 captust
918 1221 981 1266 non
998 1205 1076 1267 visa

72 1289 266 1360 admoneam,
283 1303 345 1363 quo
359 1287 531 1362 diligentior
546 1286 677 1362 quisque
693 1287 733 1346 sit
744 1294 774 1348 et
787 1287 856 1362 ipse
872 1303 908 1350 se
919 1289 1047 1349 circum·

70 1371 195 1447 spiciat,
217 1368 277 1430 alia
291 1371 382 1430 animi
401 1372 482 1430 mata
500 1370 541 1430 ad
556 1370 709 1445 pessimos
730 1386 873 1446 quosque
888 1372 1046 1446 pertinere,

70 1453 259 1515 iracundiam
277 1455 366 1513 etiam
386 1451 513 1513 eruditis
534 1452 707 1514 hominibus
729 1460 761 1516 et
776 1454 806 1514 in
829 1454 888 1514 alia
904 1456 988 1515 sanis
1003 1455 1047 1514 in-

70 1543 201 1613 raperer
230 1537 309 1597 adeo
333 1544 368 1597 nt
389 1535 512 1611 quidam
535 1536 735 1613 simplicitatis
761 1536 906 1598 indicium
928 1538 1047 1599 iracun-

69 1622 151 1681 diam
177 1619 279 1680 dicant
306 1627 336 1683 et
360 1621 452 1695 volgo
478 1621 620 1681 credatur
639 1619 800 1682 facillimus
826 1622 957 1697 quisque
977 1621 1047 1682 huic

69 1704 232 1766 obnoxius.
872 1736 874 1743 ·

132 1789 170 1846 V.
202 1788 377 1861 „Quorsus
399 1787 515 1862 inquis,
541 1787 600 1848 hoc
624 1788 798 1862 pertinett“
833 1787 874 1849 Ut
897 1803 986 1849 nemo
1013 1802 1073 1852 sel

68 1872 181 1933 iudicet
194 1878 289 1933 tutum
305 1871 344 1932 ab
356 1872 423 1945 itta,
446 1886 514 1931 cum
536 1872 621 1931 lenes
639 1887 763 1946 quoque
778 1876 886 1931 natura
906 1878 937 1931 et
954 1871 1048 1946 placi-

71 1957 130 2015 dos
151 1954 183 2014 in
204 1956 362 2016 saevitiam
382 1969 419 2014 ac
436 1952 612 2016 violentiam
625 1962 743 2015 evocet.
782 1952 1046 2027 Quemadmodum

68 2038 219 2099 adversus
239 2037 443 2113 pestilentiam
463 2038 536 2098 nihil
556 2039 683 2113 prodest
708 2036 834 2098 tinnitos
855 2037 996 2112 corporis
1017 2045 1047 2096 et

69 2120 200 2196 diligens
214 2119 389 2181 valitudinis
403 2136 490 2194 cura,
512 2122 687 2196 promiscue
702 2119 782 2180 enirn
798 2120 940 2181 inbecilla
954 2121 1045 2181 robu-

70 2210 181 2279 staque
204 2204 333 2264 invadite
356 2202 399 2262 ita
418 2204 457 2263 ab
473 2205 518 2263 ira
539 2211 598 2264 tarn
614 2201 758 2279 inquietis
773 2204 910 2265 moribus
925 2204 1044 2279 pericu-

67 2289 132 2348 lurn
151 2295 200 2348 est
220 2302 311 2363 quam
329 2286 498 2361 conpositis
520 2296 550 2347 et
564 2284 718 2357 remissis
741 2286 852 2360 quibus
874 2302 911 2346 eo
927 2285 1046 2361 turpior

68 2386 105 2431 ac
125 2370 328 2448 periculosior
346 2377 407 2443 est,
434 2385 495 2445 quo
516 2371 586 2445 plus
605 2371 635 2442 in
654 2368 714 2428 illis
731 2375 834 2428 mutat.
868 2368 944 2429 Sed
965 2375 1074 2429 cuma

67 2455 227 2530 primurn
258 2453 310 2515 sit
337 2468 412 2513 non
443 2451 582 2526 irasci,
611 2450 821 2512 secundum
848 2450 1043 2525 detinere,

66 2539 224 2599 tertium
255 2536 408 2597 alienae
440 2552 595 2611 quoque
624 2535 706 2594 irae
730 2535 891 2611 mederi,
921 2536 1042 2596 dicam

68 2622 242 2697 primum,
267 2620 584 2696 quemadmodum
612 2620 648 2679 in
678 2617 771 2678 iram
798 2634 871 2679 non
892 2619 1042 2680 incida·

67 2702 1041 2779 mus,deindequemadmodumnosabillatibere·

67 2804 164 2860 mus,
201 2785 416 2848 novissime
456 2787 773 2861 quemadmodum
805 2786 1041 2847 irascentem

67 2872 304 2932 retineamus
325 2871 603 2945 placemusque
629 2875 665 2929 et
683 2868 730 2927 ad
754 2866 962 2928 sanitatem
982 2883 1040 2927 re-

68 2955 201 3015 ducam
211 2970 265 3015 us.

128 3038 174 3097 Ne
188 3037 356 3098 irascamur
371 3033 610 3110 praestabimus,
628 3033 655 3093 si
671 3033 773 3094 omnia
787 3033 860 3093 vitia
874 3032 937 3092 irae
953 3033 1070 3096 nobisd

69 3121 201 3183 subinde
228 3118 482 3196 proposuerimus
507 3124 537 3176 et
561 3117 641 3176 illam
664 3117 745 3176 bene
769 3116 1040 3177 aestimaverimus.

68 3206 245 3265 accusanda
260 3211 308 3264 est
327 3200 409 3278 apud
426 3218 499 3274 nos,
522 3200 704 3260 damnanda.
739 3201 960 3275 perscrutanda
975 3199 1041 3261 eius

67 3290 149 3348 mala
163 3297 192 3348 et
205 3289 236 3347 in
250 3286 383 3348 medium
397 3284 602 3359 protrahenda
616 3292 694 3345 sunt
728 3284 768 3344 Ut
782 3285 881 3359 qualis
895 3284 934 3342 sit
947 3284 1069 3357 adpo-4

66 3378 147 3446 reat,
171 3370 369 3447 conparanda
383 3383 452 3428 curn
467 3367 611 3445 pessimis
626 3375 687 3429 est:
718 3366 844 3428 avaritia
863 3365 991 3441 acquirit
1011 3371 1041 3423 et

68 3453 233 3530 contrahit,
256 3471 317 3530 quo
335 3450 445 3527 aliquis
461 3449 568 3512 melior
582 3458 698 3512 uictura
724 3453 769 3510 ira
782 3454 883 3565 [quest
899 3446 1041 3520 incendit,
