2378 3856
175 190 235 255 120
361 190 393 249 L.
415 188 562 249 sunnin
584 187 760 248 SENECAE
783 188 884 249 nist.
901 190 956 249 vt.

138 347 277 419 altaque
302 357 363 401 non
390 349 438 401 est
463 341 548 414 quod
576 356 634 400 nos
663 341 867 416 suspiciamus
891 350 1053 419 tamquam
1077 344 1151 409 inter

170 434 275 489 nostro
290 423 396 500 positi:
419 430 524 483 mutua
537 425 724 498 accepimus.
755 440 830 485 usus
845 425 1032 503 fructusque
1047 439 1151 493 noster

169 519 231 584 est,
253 508 340 569 ouius
356 515 476 582 tempus
491 507 541 566 illc
562 507 675 567 arbiter
688 507 824 569 muneris
838 508 886 569 sui
899 515 1073 585 temperata
1095 530 1149 575 uos

170 600 291 671 oportet
311 591 340 650 in
365 598 509 666 promptu
529 589 643 650 habere
665 605 745 663 quae
766 590 796 648 in
818 591 968 652 incertum
982 594 1070 655 diem
1083 597 1151 657 dsta

168 684 253 747 sunt,
272 683 303 736 et
314 674 487 750 adpellatos
503 673 571 733 sine
585 674 711 747 querela
724 673 865 734 reddere.
887 676 1017 750 pessimi
1032 678 1148 743 debito

139 763 211 830 sris
228 767 275 821 cst
290 758 433 820 creditori
453 758 555 817 lacere
575 756 756 818 convicium.
784 754 898 819 Omnes
920 773 998 835 ergo
1013 770 1149 837 nosnos,

169 854 199 907 et
213 860 292 920 quos
308 841 489 917 superstites
504 841 573 914 lege
588 839 737 900 nascendi
760 848 901 916 optamus
915 849 946 902 ct
961 859 1047 918 quos
1063 860 1147 921 prae

168 929 280 990 cedere
302 923 499 985 iustissimum
518 923 657 998 ipsorum
673 932 776 985 votum
790 931 852 995 est,
874 923 920 985 sic
934 940 1044 988 amare
1058 928 1147 991 debe

168 1028 246 1080 mus,
261 1018 416 1083 tamquam
431 1007 504 1066 nibil
520 1006 608 1066 nobis
623 1006 663 1065 tle
680 1008 896 1082 perpetuitate,
911 1006 1006 1071 imum
1021 1011 1099 1073 nintt
1112 1012 1148 1073 do

168 1092 361 1154 diuturnitate
387 1106 494 1151 eorum
522 1090 707 1164 promissum
732 1091 781 1150 sit
812 1106 908 1167 saepe
931 1093 1151 1165 admouendus,

168 1177 364 1247 est-animus,
387 1183 467 1235 amet
481 1182 514 1234 ut
528 1188 706 1246 recessura,
725 1173 815 1235 immo
831 1182 987 1250 tamquam
1000 1179 1147 1239 recedam

168 1262 219 1322 tia.
253 1258 401 1335 quicquid
421 1273 441 1317 a
461 1258 581 1319 tonum
596 1258 699 1316 datum
714 1265 777 1332 cst,
803 1265 957 1332 tamquam
971 1269 1148 1338 exemptum

139 1352 295 1408 tauctore
315 1341 489 1418 possideas.
522 1341 630 1417 Rapite
650 1357 689 1400 ex
710 1340 814 1402 liberis
836 1343 1026 1418 voluptates,
1047 1345 1147 1407 lrueu·

169 1429 227 1489 dos
250 1443 306 1487 vos
329 1425 459 1485 invicem
479 1423 583 1484 liberis
599 1424 669 1485 date
683 1432 714 1485 ει
727 1424 795 1485 siue
810 1425 954 1487 dilatitme
968 1443 1065 1489 omne
1077 1444 1146 1504 gau

168 1510 253 1570 dium
267 1509 397 1569 haurite.
427 1507 500 1566 nibil
515 1508 556 1567 de
569 1506 718 1568 hodierna
732 1517 822 1570 noete
837 1507 1031 1584 promittitur.
1060 1512 1147 1574 nimis

167 1608 309 1667 inagnum
323 1590 558 1651 advocationem
573 1590 659 1650 dedi:
678 1591 751 1651 nibil
765 1592 805 1653 de
819 1591 877 1652 lmc
891 1592 978 1653 hora.
1000 1595 1145 1657 festinan

169 1676 241 1736 dum
261 1683 318 1735 est.
350 1672 478 1734 instatur
497 1689 517 1732 a
535 1681 636 1748 tergo:
658 1675 716 1734 iam
732 1674 890 1736 disicietur
904 1676 962 1737 iste
977 1680 1147 1752 comitatos,

168 1759 226 1820 iam
247 1757 445 1820 contubernia
466 1757 525 1817 ista
544 1757 665 1819 sublato
686 1759 819 1820 clamore
840 1760 1007 1821 solventur.
1040 1762 1148 1839 rapina

139 1850 270 1902 ererum
285 1841 418 1902 omnium
433 1848 495 1900 est:
518 1840 621 1901 miseri
641 1841 766 1902 nescitis
784 1843 857 1917 luga
871 1843 985 1903 vivere.
1020 1843 1056 1905 Si
1069 1862 1146 1907 mor·

168 1932 253 1984 tuum
274 1924 326 1984 tibi
348 1923 440 1983 filium
458 1924 560 1998 doles,
581 1925 648 1986 eius
664 1927 810 1999 temporis
825 1941 887 2000 quo
902 1934 992 1987 natus
1006 1936 1072 2003 est,
1093 1929 1146 1989 cri

169 2024 237 2067 men
257 2016 314 2068 est.
346 2023 429 2067 mors
444 2007 523 2067 enim
538 2006 580 2067 illi
595 2007 771 2071 denuntiata
784 2010 924 2070 nascenti
938 2018 996 2071 est.
1022 2012 1054 2071 in
1070 2012 1147 2073 hanc

168 2092 266 2166 legem
287 2099 386 2152 natus.
418 2091 477 2152 hoc
497 2090 580 2152 illum
596 2091 689 2151 latum
704 2093 743 2151 ab
758 2101 844 2153 utero
859 2093 960 2153 statim
975 2110 1145 2171 prosaque

140 2174 265 2235 ebatur.
297 2175 330 2234 ln
355 2190 483 2249 regnum
504 2175 643 2234 lortunae
664 2175 836 2250 etquidem
856 2177 966 2236 durum
987 2184 1084 2253 atque
1104 2181 1145 2238 in

169 2258 280 2319 victum
306 2260 518 2334 pervenimus,
544 2257 624 2317 illius
649 2258 773 2320 arbitrio
795 2258 887 2333 digna
907 2266 1000 2333 atque
1021 2260 1147 2337 indigna

168 2343 300 2417 passuri.
345 2341 529 2418 corporibus
560 2341 672 2401 nostris
699 2342 886 2416 inpotenter,
914 2343 1147 2417 contumeliose,

167 2427 331 2486 crudeliter
351 2425 505 2485 abutetur:
526 2423 603 2483 alios
623 2422 744 2498 ignibus
766 2432 888 2501 peruret
902 2426 949 2485 vel
965 2424 997 2486 in
1012 2442 1146 2502 poenam

168 2507 298 2568 admotis
321 2508 371 2566 vel
397 2507 426 2566 in
451 2506 630 2566 remedium.
663 2509 739 2568 alios
760 2508 886 2568 vinciet=
910 2507 943 2568 id
962 2524 1047 2570 nunc
1065 2508 1147 2572 nosti

166 2588 284 2662 licebit,
308 2604 389 2648 nunc
404 2589 473 2649 civi.
507 2587 584 2649 alios
601 2604 657 2665 per
669 2591 785 2650 incerta
799 2592 900 2653 nudos
914 2593 1010 2653 marla
1023 2591 1147 2655 iactabit

167 2679 197 2731 et
216 2672 346 2731 luctatos
367 2686 435 2730 cum
458 2669 602 2731 fluctibus
621 2687 660 2731 ne
680 2672 710 2731 iu
725 2689 848 2733 arenam
863 2675 987 2751 quidem
1002 2683 1057 2736 out
1074 2676 1146 2736 litus

166 2755 321 2829 explodet,
336 2755 393 2813 sed
408 2753 438 2814 in
455 2753 582 2814 alicuius
595 2755 751 2816 inmensae
763 2765 897 2817 ventrem
909 2757 1021 2819 beluae
1030 2759 1146 2821 decon-

165 2838 226 2899 det.
265 2838 342 2897 alios
367 2838 541 2898 morborum
567 2837 660 2899 variis
685 2841 848 2915 generibus
875 2848 1068 2903 emaceratos
1093 2842 1148 2904 diu

166 2924 244 2983 inter
258 2921 350 2984 vitam
363 2927 554 2997 mortemque
568 2923 688 2984 medios
703 2923 858 2984 detinebit.
886 2932 919 2985 ut
932 2925 1018 2985 veria
1033 2932 1064 2985 et
1079 2924 1146 2984 libi·

166 3006 275 3065 diuosa
301 3005 586 3082 mancipiorumque
616 3023 743 3068 suorum
774 3008 940 3081 neglegens
965 3007 1093 3069 domina
1117 3014 1148 3068 et

165 3086 274 3160 poenis
288 3094 320 3147 et
333 3088 509 3149 muneribus
526 3090 649 3150 errabit.
972 3097 977 3104 “

137 3179 152 3232 1
249 3169 298 3227 xl.
327 3168 405 3243 Quid
425 3188 505 3246 opus
526 3181 574 3234 est
594 3179 698 3248 partos
721 3169 859 3231 defleret
885 3182 971 3234 tota
991 3174 1146 3235 flebilis

164 3250 244 3310 vita
265 3258 334 3310 est.
363 3255 514 3328 urgebunt
536 3270 617 3317 nova
630 3253 832 3327 incommoda,
856 3256 1040 3332 priusquam
1061 3265 1145 3318 vete

164 3334 249 3394 ribus
267 3335 464 3397 satisfeceris.
493 3333 710 3396 moderandum
723 3342 771 3395 est
784 3335 888 3411 itaque
898 3339 990 3400 vobis
1000 3341 1145 3414 maxime,

164 3434 245 3492 quae
259 3418 448 3479 inmoderate
463 3417 556 3489 lertio,
572 3415 646 3476 etin
661 3422 761 3475 metus
779 3425 809 3477 et
822 3417 852 3476 in
869 3420 994 3483 dolores
1016 3422 1146 3486 humani
