<?xml version="1.0" encoding="UTF-8"?>
<!DOCTYPE html PUBLIC "-//W3C//DTD XHTML 1.0 Transitional//EN"
    "http://www.w3.org/TR/xhtml1/DTD/xhtml1-transitional.dtd">
<html xmlns="http://www.w3.org/1999/xhtml" xml:lang="en" lang="en">
 <head>
  <title>
</title>
<meta http-equiv="Content-Type" content="text/html;charset=utf-8" />
  <meta name='ocr-system' content='tesseract 3.04.00' />
  <meta name='ocr-capabilities' content='ocr_page ocr_carea ocr_par ocr_line ocrx_word'/>
</head>
<body>
  <div class='ocr_page' id='page_1' title='image "./lannaeisenecaeo03senegoog_0173.png"; bbox 0 0 2378 3856; ppageno 0'>
   <div class='ocr_carea' id='block_1_1' title="bbox 166 206 958 270">
    <p class='ocr_par' dir='ltr' id='par_1_1' title="bbox 166 206 958 270">
     <span class='ocr_line' id='line_1_1' title="bbox 166 206 958 270; baseline -0.004 -2"><span class='ocrx_word' id='word_1_1' title='bbox 166 206 227 270; x_wconf 74' lang='lat'><strong>156</strong></span> <span class='ocrx_word' id='word_1_2' title='bbox 350 206 382 266; x_wconf 84' lang='lat' dir='ltr'><strong>t.</strong></span> <span class='ocrx_word' id='word_1_3' title='bbox 402 206 549 267; x_wconf 76' lang='lat' dir='ltr'><strong>anania</strong></span> <span class='ocrx_word' id='word_1_4' title='bbox 570 206 746 268; x_wconf 82' lang='lat' dir='ltr'>SENECAE</span> <span class='ocrx_word' id='word_1_5' title='bbox 768 206 870 269; x_wconf 79' lang='lat' dir='ltr'><strong>alat.</strong></span> <span class='ocrx_word' id='word_1_6' title='bbox 889 206 958 267; x_wconf 88' lang='lat' dir='ltr'><strong>vll.</strong></span> 
     </span>
    </p>
   </div>
   <div class='ocr_carea' id='block_1_2' title="bbox 164 358 1148 606">
    <p class='ocr_par' dir='ltr' id='par_1_2' title="bbox 164 358 1148 606">
     <span class='ocr_line' id='line_1_2' title="bbox 166 358 1148 435; baseline 0.005 -13"><span class='ocrx_word' id='word_1_7' title='bbox 166 363 238 422; x_wconf 87' lang='lat' dir='ltr'><strong>nihil</strong></span> <span class='ocrx_word' id='word_1_8' title='bbox 253 362 324 422; x_wconf 83' lang='lat' dir='ltr'><strong>novi</strong></span> <span class='ocrx_word' id='word_1_9' title='bbox 343 361 451 421; x_wconf 78' lang='lat' dir='ltr'><strong>lacius.</strong></span> <span class='ocrx_word' id='word_1_10' title='bbox 479 375 549 420; x_wconf 87' lang='lat' dir='ltr'><strong>num</strong></span> <span class='ocrx_word' id='word_1_11' title='bbox 570 368 602 421; x_wconf 92' lang='lat' dir='ltr'><strong>et</strong></span> <span class='ocrx_word' id='word_1_12' title='bbox 622 362 720 420; x_wconf 87' lang='lat' dir='ltr'><strong>solem</strong></span> <span class='ocrx_word' id='word_1_13' title='bbox 740 358 853 420; x_wconf 90' lang='lat' dir='ltr'><strong>lumina</strong></span> <span class='ocrx_word' id='word_1_14' title='bbox 873 374 970 435; x_wconf 83' lang='lat' dir='ltr'><strong>aegra</strong></span> <span class='ocrx_word' id='word_1_15' title='bbox 983 360 1148 427; x_wconf 83' lang='lat' dir='ltr'><strong>tonaidant</strong></span> 
     </span>
     <span class='ocr_line' id='line_1_3' title="bbox 164 443 1148 522; baseline 0.002 -15"><span class='ocrx_word' id='word_1_16' title='bbox 164 454 196 507; x_wconf 86' lang='lat' dir='ltr'><strong>et</strong></span> <span class='ocrx_word' id='word_1_17' title='bbox 214 451 395 506; x_wconf 75' lang='lat' dir='ltr'><strong>aversantur</strong></span> <span class='ocrx_word' id='word_1_18' title='bbox 414 444 493 504; x_wconf 89' lang='lat' dir='ltr'><strong>diem</strong></span> <span class='ocrx_word' id='word_1_19' title='bbox 508 443 704 519; x_wconf 85' lang='lat' dir='ltr'><strong>splendidum</strong></span> <span class='ocrx_word' id='word_1_20' title='bbox 719 451 868 505; x_wconf 87' lang='lat' dir='ltr'><strong>nocturno</strong></span> <span class='ocrx_word' id='word_1_21' title='bbox 882 443 1048 519; x_wconf 81' lang='lat' dir='ltr'><strong>animalia,</strong></span> <span class='ocrx_word' id='word_1_22' title='bbox 1072 462 1148 522; x_wconf 82' lang='lat' dir='ltr'><strong>quae</strong></span> 
     </span>
     <span class='ocr_line' id='line_1_4' title="bbox 165 525 1147 606; baseline -0.001 -15"><span class='ocrx_word' id='word_1_23' title='bbox 165 531 204 591; x_wconf 90' lang='lat' dir='ltr'><strong>ad</strong></span> <span class='ocrx_word' id='word_1_24' title='bbox 231 528 359 604; x_wconf 89' lang='lat' dir='ltr'><strong>primum</strong></span> <span class='ocrx_word' id='word_1_25' title='bbox 385 528 453 589; x_wconf 90' lang='lat' dir='ltr'><strong>eius</strong></span> <span class='ocrx_word' id='word_1_26' title='bbox 480 535 578 588; x_wconf 91' lang='lat' dir='ltr'><strong>ortum</strong></span> <span class='ocrx_word' id='word_1_27' title='bbox 603 535 725 603; x_wconf 81' lang='lat' dir='ltr'><strong>stupent</strong></span> <span class='ocrx_word' id='word_1_28' title='bbox 748 532 779 587; x_wconf 88' lang='lat' dir='ltr'><strong>et</strong></span> <span class='ocrx_word' id='word_1_29' title='bbox 803 525 928 587; x_wconf 86' lang='lat' dir='ltr'><strong>latibula</strong></span> <span class='ocrx_word' id='word_1_30' title='bbox 950 543 1012 589; x_wconf 87' lang='lat' dir='ltr'><strong>sua</strong></span> <span class='ocrx_word' id='word_1_31' title='bbox 1032 532 1147 606; x_wconf 82' lang='lat' dir='ltr'><strong>passim</strong></span> 
     </span>
    </p>
   </div>
   <div class='ocr_carea' id='block_1_3' title="bbox 120 610 1147 3532">
    <p class='ocr_par' dir='ltr' id='par_1_3' title="bbox 162 610 1147 933">
     <span class='ocr_line' id='line_1_5' title="bbox 164 610 1147 689; baseline 0.003 -16"><span class='ocrx_word' id='word_1_32' title='bbox 164 619 280 689; x_wconf 89' lang='lat' dir='ltr'><strong>petunt,</strong></span> <span class='ocrx_word' id='word_1_33' title='bbox 295 612 447 673; x_wconf 82' lang='lat' dir='ltr'><strong>abduntur</strong></span> <span class='ocrx_word' id='word_1_34' title='bbox 460 611 491 671; x_wconf 92' lang='lat' dir='ltr'><strong>in</strong></span> <span class='ocrx_word' id='word_1_35' title='bbox 506 612 626 687; x_wconf 84' lang='lat' dir='ltr'><strong>aliquas</strong></span> <span class='ocrx_word' id='word_1_36' title='bbox 641 612 733 671; x_wconf 89' lang='lat' dir='ltr'><strong>rimas</strong></span> <span class='ocrx_word' id='word_1_37' title='bbox 748 610 852 671; x_wconf 90' lang='lat' dir='ltr'><strong>timida</strong></span> <span class='ocrx_word' id='word_1_38' title='bbox 865 610 954 671; x_wconf 85' lang='lat' dir='ltr'><strong>lueis.</strong></span> <span class='ocrx_word' id='word_1_39' title='bbox 990 613 1108 688; x_wconf 79' lang='lat' dir='ltr'><strong>gemite</strong></span> <span class='ocrx_word' id='word_1_40' title='bbox 1119 620 1147 675; x_wconf 85' lang='lat' dir='ltr'><strong>el</strong></span> 
     </span>
     <span class='ocr_line' id='line_1_6' title="bbox 164 693 1144 772; baseline 0.005 -17"><span class='ocrx_word' id='word_1_41' title='bbox 164 697 315 757; x_wconf 89' lang='lat' dir='ltr'><strong>inlelioem</strong></span> <span class='ocrx_word' id='word_1_42' title='bbox 336 696 469 772; x_wconf 84' lang='lat' dir='ltr'><strong>linguam</strong></span> <span class='ocrx_word' id='word_1_43' title='bbox 495 694 646 755; x_wconf 83' lang='lat' dir='ltr'><strong>bonorum</strong></span> <span class='ocrx_word' id='word_1_44' title='bbox 671 700 814 756; x_wconf 80' lang='lat' dir='ltr'><strong>exercete</strong></span> <span class='ocrx_word' id='word_1_45' title='bbox 839 693 1000 772; x_wconf 85' lang='lat' dir='ltr'><strong>convicio,</strong></span> <span class='ocrx_word' id='word_1_46' title='bbox 1027 696 1144 771; x_wconf 76' lang='lat' dir='ltr'><strong>nirata</strong></span> 
     </span>
     <span class='ocr_line' id='line_1_7' title="bbox 164 777 1144 859; baseline 0.001 -19"><span class='ocrx_word' id='word_1_47' title='bbox 164 780 375 841; x_wconf 83' lang='lat' dir='ltr'><strong>conmordete=</strong></span> <span class='ocrx_word' id='word_1_48' title='bbox 405 779 494 839; x_wconf 91' lang='lat' dir='ltr'><strong>oitius</strong></span> <span class='ocrx_word' id='word_1_49' title='bbox 521 779 616 840; x_wconf 90' lang='lat' dir='ltr'><strong>multo</strong></span> <span class='ocrx_word' id='word_1_50' title='bbox 639 777 785 854; x_wconf 82' lang='lat' dir='ltr'><strong>nangotis</strong></span> <span class='ocrx_word' id='word_1_51' title='bbox 805 778 914 839; x_wconf 83' lang='lat' dir='ltr'><strong>dentes</strong></span> <span class='ocrx_word' id='word_1_52' title='bbox 935 794 1033 856; x_wconf 86' lang='lat' dir='ltr'><strong>quam</strong></span> <span class='ocrx_word' id='word_1_53' title='bbox 1055 781 1144 859; x_wconf 87' lang='lat' dir='ltr'><strong>inpri-</strong></span> 
     </span>
     <span class='ocr_line' id='line_1_8' title="bbox 162 865 1022 933; baseline 0.002 -9"><span class='ocrx_word' id='word_1_54' title='bbox 162 865 261 924; x_wconf 90' lang='lat' dir='ltr'><strong>metis.</strong></span> <span class='ocrx_word' id='word_1_55' title='bbox 1018 924 1022 933; x_wconf 91' lang='grc'>,</span> 
     </span>
    </p>

    <p class='ocr_par' dir='ltr' id='par_1_4' title="bbox 135 945 1143 1692">
     <span class='ocr_line' id='line_1_9' title="bbox 135 945 1143 1022; baseline 0.006 -17"><span class='ocrx_word' id='word_1_56' title='bbox 135 956 148 1006; x_wconf 90' lang='lat'>1</span> <span class='ocrx_word' id='word_1_57' title='bbox 223 948 300 1007; x_wconf 83' lang='lat' dir='ltr'><strong>xxi.</strong></span> <span class='ocrx_word' id='word_1_58' title='bbox 332 946 485 1020; x_wconf 81' lang='lat' dir='ltr'><strong>„Quare</strong></span> <span class='ocrx_word' id='word_1_59' title='bbox 514 946 585 1005; x_wconf 89' lang='lat' dir='ltr'><strong>ille</strong></span> <span class='ocrx_word' id='word_1_60' title='bbox 617 945 898 1022; x_wconf 80' lang='lat' dir='ltr'>philosophiae</span> <span class='ocrx_word' id='word_1_61' title='bbox 932 948 1143 1017; x_wconf 88' lang='lat' dir='ltr'><strong>studiosus</strong></span> 
     </span>
     <span class='ocr_line' id='line_1_10' title="bbox 161 1027 1141 1107; baseline 0.003 -17"><span class='ocrx_word' id='word_1_62' title='bbox 161 1038 404 1091; x_wconf 86' lang='lat' dir='ltr'><strong>esteltamea</strong></span> <span class='ocrx_word' id='word_1_63' title='bbox 419 1027 531 1089; x_wconf 89' lang='lat' dir='ltr'><strong>dives</strong></span> <span class='ocrx_word' id='word_1_64' title='bbox 554 1029 666 1089; x_wconf 87' lang='lat' dir='ltr'><strong>vitam</strong></span> <span class='ocrx_word' id='word_1_65' title='bbox 683 1029 783 1105; x_wconf 83' lang='lat' dir='ltr'><strong>agitl</strong></span> <span class='ocrx_word' id='word_1_66' title='bbox 804 1044 924 1103; x_wconf 85' lang='lat' dir='ltr'><strong>quare</strong></span> <span class='ocrx_word' id='word_1_67' title='bbox 939 1046 1039 1107; x_wconf 90' lang='lat' dir='ltr'><strong>opes</strong></span> <span class='ocrx_word' id='word_1_68' title='bbox 1055 1047 1141 1095; x_wconf 88' lang='lat' dir='ltr'><strong>oon-</strong></span> 
     </span>
     <span class='ocr_line' id='line_1_11' title="bbox 162 1111 1142 1177; baseline 0.004 -3"><span class='ocrx_word' id='word_1_69' title='bbox 162 1113 391 1174; x_wconf 85' lang='lat' dir='ltr'><strong>temnendas</strong></span> <span class='ocrx_word' id='word_1_70' title='bbox 415 1113 512 1172; x_wconf 91' lang='lat' dir='ltr'><strong>dioit</strong></span> <span class='ocrx_word' id='word_1_71' title='bbox 536 1121 573 1173; x_wconf 92' lang='lat' dir='ltr'><strong>et</strong></span> <span class='ocrx_word' id='word_1_72' title='bbox 596 1111 735 1175; x_wconf 75' lang='lat' dir='ltr'><strong>habeti</strong></span> <span class='ocrx_word' id='word_1_73' title='bbox 769 1114 860 1175; x_wconf 86' lang='lat' dir='ltr'><strong>vilaro</strong></span> <span class='ocrx_word' id='word_1_74' title='bbox 885 1116 1142 1177; x_wconf 77' lang='lat' dir='ltr'><strong>contemnendam</strong></span> 
     </span>
     <span class='ocr_line' id='line_1_12' title="bbox 161 1197 1140 1273; baseline 0.005 -14"><span class='ocrx_word' id='word_1_75' title='bbox 161 1202 246 1273; x_wconf 85' lang='lat' dir='ltr'><strong>putat</strong></span> <span class='ocrx_word' id='word_1_76' title='bbox 260 1206 291 1259; x_wconf 89' lang='lat' dir='ltr'><strong>et</strong></span> <span class='ocrx_word' id='word_1_77' title='bbox 300 1203 400 1257; x_wconf 76' lang='lat' dir='ltr'><strong>tanmn</strong></span> <span class='ocrx_word' id='word_1_78' title='bbox 411 1197 507 1257; x_wconf 72' lang='lat' dir='ltr'><strong>vivit?</strong></span> <span class='ocrx_word' id='word_1_79' title='bbox 524 1197 720 1258; x_wconf 87' lang='lat' dir='ltr'><strong>valitudinem</strong></span> <span class='ocrx_word' id='word_1_80' title='bbox 731 1198 988 1261; x_wconf 83' lang='lat' dir='ltr'><strong>contemnendam</strong></span> <span class='ocrx_word' id='word_1_81' title='bbox 998 1206 1032 1263; x_wconf 91' lang='lat' dir='ltr'><strong>et</strong></span> <span class='ocrx_word' id='word_1_82' title='bbox 1042 1206 1140 1263; x_wconf 68' lang='lat' dir='ltr'><strong>umen</strong></span> 
     </span>
     <span class='ocr_line' id='line_1_13' title="bbox 161 1281 1141 1357; baseline 0.006 -16"><span class='ocrx_word' id='word_1_83' title='bbox 161 1284 240 1341; x_wconf 90' lang='lat' dir='ltr'><strong>illam</strong></span> <span class='ocrx_word' id='word_1_84' title='bbox 266 1281 496 1357; x_wconf 78' lang='lat' dir='ltr'><strong>diligentissime</strong></span> <span class='ocrx_word' id='word_1_85' title='bbox 520 1287 622 1342; x_wconf 88' lang='lat' dir='ltr'><strong>tuetur</strong></span> <span class='ocrx_word' id='word_1_86' title='bbox 645 1289 739 1357; x_wconf 88' lang='lat' dir='ltr'><strong>alque</strong></span> <span class='ocrx_word' id='word_1_87' title='bbox 766 1281 911 1357; x_wconf 88' lang='lat' dir='ltr'><strong>optimam</strong></span> <span class='ocrx_word' id='word_1_88' title='bbox 935 1285 1077 1348; x_wconf 68' lang='lat' dir='ltr'><strong>maurilli</strong></span> <span class='ocrx_word' id='word_1_89' title='bbox 1114 1292 1141 1347; x_wconf 89' lang='lat' dir='ltr'><strong>et</strong></span> 
     </span>
     <span class='ocr_line' id='line_1_14' title="bbox 159 1364 1140 1440; baseline 0.006 -15"><span class='ocrx_word' id='word_1_90' title='bbox 159 1365 284 1427; x_wconf 83' lang='lat' dir='ltr'><strong>exilium</strong></span> <span class='ocrx_word' id='word_1_91' title='bbox 304 1382 416 1426; x_wconf 90' lang='lat' dir='ltr'><strong>vanum</strong></span> <span class='ocrx_word' id='word_1_92' title='bbox 437 1380 548 1427; x_wconf 87' lang='lat' dir='ltr'><strong>nornen</strong></span> <span class='ocrx_word' id='word_1_93' title='bbox 568 1372 705 1440; x_wconf 90' lang='lat' dir='ltr'><strong>putatet</strong></span> <span class='ocrx_word' id='word_1_94' title='bbox 724 1365 780 1426; x_wconf 74' lang='lat' dir='ltr'><strong>uit:</strong></span> <span class='ocrx_word' id='word_1_95' title='bbox 802 1364 877 1440; x_wconf 81' lang='lat' dir='ltr'><strong>quid</strong></span> <span class='ocrx_word' id='word_1_96' title='bbox 892 1365 980 1433; x_wconf 83' lang='lat' dir='ltr'><strong>¹enirn</strong></span> <span class='ocrx_word' id='word_1_97' title='bbox 1002 1375 1053 1429; x_wconf 82' lang='lat' dir='ltr'><strong>est</strong></span> <span class='ocrx_word' id='word_1_98' title='bbox 1073 1369 1140 1431; x_wconf 84' lang='lat' dir='ltr'><strong>muli</strong></span> 
     </span>
     <span class='ocr_line' id='line_1_15' title="bbox 158 1449 1140 1527; baseline 0 -16"><span class='ocrx_word' id='word_1_99' title='bbox 158 1459 275 1511; x_wconf 88' lang='lat' dir='ltr'><strong>mutare</strong></span> <span class='ocrx_word' id='word_1_100' title='bbox 295 1451 459 1525; x_wconf 87' lang='lat' dir='ltr'><strong>regionesl</strong></span> <span class='ocrx_word' id='word_1_101' title='bbox 487 1457 517 1509; x_wconf 92' lang='lat' dir='ltr'><strong>et</strong></span> <span class='ocrx_word' id='word_1_102' title='bbox 531 1457 649 1522; x_wconf 76' lang='lat' dir='ltr'><strong>umen,</strong></span> <span class='ocrx_word' id='word_1_103' title='bbox 671 1449 697 1509; x_wconf 90' lang='lat' dir='ltr'><strong>si</strong></span> <span class='ocrx_word' id='word_1_104' title='bbox 720 1449 805 1522; x_wconf 86' lang='lat' dir='ltr'><strong>lieet,</strong></span> <span class='ocrx_word' id='word_1_105' title='bbox 825 1450 963 1511; x_wconf 90' lang='lat' dir='ltr'><strong>senesoit</strong></span> <span class='ocrx_word' id='word_1_106' title='bbox 975 1450 1007 1511; x_wconf 91' lang='lat' dir='ltr'><strong>ia</strong></span> <span class='ocrx_word' id='word_1_107' title='bbox 1022 1452 1140 1527; x_wconf 85' lang='lat' dir='ltr'><strong>patriar</strong></span> 
     </span>
     <span class='ocr_line' id='line_1_16' title="bbox 158 1531 1138 1610; baseline 0.003 -16"><span class='ocrx_word' id='word_1_108' title='bbox 158 1542 188 1594; x_wconf 89' lang='lat' dir='ltr'><strong>et</strong></span> <span class='ocrx_word' id='word_1_109' title='bbox 203 1535 280 1594; x_wconf 89' lang='lat' dir='ltr'><strong>inter</strong></span> <span class='ocrx_word' id='word_1_110' title='bbox 294 1534 415 1610; x_wconf 90' lang='lat' dir='ltr'><strong>longius</strong></span> <span class='ocrx_word' id='word_1_111' title='bbox 431 1541 551 1608; x_wconf 90' lang='lat' dir='ltr'><strong>tempus</strong></span> <span class='ocrx_word' id='word_1_112' title='bbox 566 1540 598 1593; x_wconf 90' lang='lat' dir='ltr'><strong>et</strong></span> <span class='ocrx_word' id='word_1_113' title='bbox 612 1532 735 1594; x_wconf 89' lang='lat' dir='ltr'><strong>brevius</strong></span> <span class='ocrx_word' id='word_1_114' title='bbox 751 1532 824 1593; x_wconf 85' lang='lat' dir='ltr'><strong>nihil</strong></span> <span class='ocrx_word' id='word_1_115' title='bbox 844 1531 998 1595; x_wconf 84' lang='lat' dir='ltr'><strong>interesse</strong></span> <span class='ocrx_word' id='word_1_116' title='bbox 1017 1534 1138 1609; x_wconf 74' lang='lat' dir='ltr'><strong>iudicat</strong></span> 
     </span>
     <span class='ocr_line' id='line_1_17' title="bbox 157 1616 1140 1692; baseline 0.003 -14"><span class='ocrx_word' id='word_1_117' title='bbox 157 1625 275 1691; x_wconf 86' lang='lat' dir='ltr'><strong>tamen,</strong></span> <span class='ocrx_word' id='word_1_118' title='bbox 300 1618 327 1678; x_wconf 90' lang='lat' dir='ltr'><strong>si</strong></span> <span class='ocrx_word' id='word_1_119' title='bbox 352 1618 425 1678; x_wconf 90' lang='lat' dir='ltr'><strong>nihil</strong></span> <span class='ocrx_word' id='word_1_120' title='bbox 451 1616 607 1692; x_wconf 89' lang='lat' dir='ltr'><strong>prohibet,</strong></span> <span class='ocrx_word' id='word_1_121' title='bbox 634 1616 771 1677; x_wconf 86' lang='lat' dir='ltr'><strong>exlendit</strong></span> <span class='ocrx_word' id='word_1_122' title='bbox 794 1623 924 1679; x_wconf 85' lang='lat' dir='ltr'><strong>aetatem</strong></span> <span class='ocrx_word' id='word_1_123' title='bbox 943 1623 977 1679; x_wconf 84' lang='lat' dir='ltr'><strong>et</strong></span> <span class='ocrx_word' id='word_1_124' title='bbox 996 1619 1028 1679; x_wconf 87' lang='lat' dir='ltr'><strong>in</strong></span> <span class='ocrx_word' id='word_1_125' title='bbox 1049 1621 1140 1681; x_wconf 83' lang='lat' dir='ltr'><strong>mulla</strong></span> 
     </span>
    </p>

    <p class='ocr_par' dir='ltr' id='par_1_5' title="bbox 128 1699 1138 2029">
     <span class='ocr_line' id='line_1_18' title="bbox 128 1699 1138 1779; baseline -0.003 -12"><span class='ocrx_word' id='word_1_126' title='bbox 128 1708 315 1767; x_wconf 76' lang='lat' dir='ltr'><strong>lseneotute</strong></span> <span class='ocrx_word' id='word_1_127' title='bbox 330 1702 471 1777; x_wconf 85' lang='lat' dir='ltr'><strong>placidus</strong></span> <span class='ocrx_word' id='word_1_128' title='bbox 483 1701 603 1761; x_wconf 83' lang='lat' dir='ltr'><strong>viretl“</strong></span> <span class='ocrx_word' id='word_1_129' title='bbox 623 1701 677 1762; x_wconf 88' lang='lat' dir='ltr'><strong>Ait</strong></span> <span class='ocrx_word' id='word_1_130' title='bbox 688 1700 747 1761; x_wconf 86' lang='lat' dir='ltr'><strong>ista</strong></span> <span class='ocrx_word' id='word_1_131' title='bbox 759 1699 873 1761; x_wconf 86' lang='lat' dir='ltr'><strong>debere</strong></span> <span class='ocrx_word' id='word_1_132' title='bbox 885 1701 1054 1779; x_wconf 82' lang='lat' dir='ltr'><strong>contemni,</strong></span> <span class='ocrx_word' id='word_1_133' title='bbox 1069 1718 1138 1777; x_wconf 74' lang='lat' dir='ltr'><strong>noa,</strong></span> 
     </span>
     <span class='ocr_line' id='line_1_19' title="bbox 157 1784 1138 1860; baseline 0.003 -13"><span class='ocrx_word' id='word_1_134' title='bbox 157 1803 195 1849; x_wconf 90' lang='lat' dir='ltr'><strong>ne</strong></span> <span class='ocrx_word' id='word_1_135' title='bbox 209 1786 336 1860; x_wconf 88' lang='lat' dir='ltr'><strong>habeat,</strong></span> <span class='ocrx_word' id='word_1_136' title='bbox 358 1785 469 1846; x_wconf 86' lang='lat' dir='ltr'><strong>sedne</strong></span> <span class='ocrx_word' id='word_1_137' title='bbox 489 1785 638 1846; x_wconf 87' lang='lat' dir='ltr'><strong>sollioitus</strong></span> <span class='ocrx_word' id='word_1_138' title='bbox 652 1785 773 1845; x_wconf 83' lang='lat' dir='ltr'><strong>habeat</strong></span> <span class='ocrx_word' id='word_1_139' title='bbox 800 1801 863 1845; x_wconf 94' lang='lat' dir='ltr'><strong>non</strong></span> <span class='ocrx_word' id='word_1_140' title='bbox 882 1784 978 1859; x_wconf 78' lang='lat' dir='ltr'><strong>abigit</strong></span> <span class='ocrx_word' id='word_1_141' title='bbox 994 1786 1049 1847; x_wconf 89' lang='lat' dir='ltr'><strong>illa</strong></span> <span class='ocrx_word' id='word_1_142' title='bbox 1064 1804 1086 1849; x_wconf 89' lang='lat' dir='ltr'><strong>a</strong></span> <span class='ocrx_word' id='word_1_143' title='bbox 1097 1802 1138 1860; x_wconf 78' lang='lat' dir='ltr'><strong>se,</strong></span> 
     </span>
     <span class='ocr_line' id='line_1_20' title="bbox 157 1867 1138 1945; baseline -0.001 -15"><span class='ocrx_word' id='word_1_144' title='bbox 157 1870 214 1931; x_wconf 91' lang='lat' dir='ltr'><strong>sed</strong></span> <span class='ocrx_word' id='word_1_145' title='bbox 235 1868 378 1929; x_wconf 87' lang='lat' dir='ltr'><strong>abeuntia</strong></span> <span class='ocrx_word' id='word_1_146' title='bbox 399 1884 527 1929; x_wconf 89' lang='lat' dir='ltr'><strong>seourus</strong></span> <span class='ocrx_word' id='word_1_147' title='bbox 555 1869 760 1945; x_wconf 82' lang='lat' dir='ltr'><strong>prosequitur.</strong></span> <span class='ocrx_word' id='word_1_148' title='bbox 793 1867 921 1929; x_wconf 82' lang='lat' dir='ltr'><strong>Divitias</strong></span> <span class='ocrx_word' id='word_1_149' title='bbox 941 1869 1071 1944; x_wconf 86' lang='lat' dir='ltr'><strong>quidem</strong></span> <span class='ocrx_word' id='word_1_150' title='bbox 1091 1868 1138 1933; x_wconf 88' lang='lat' dir='ltr'><strong>ubi</strong></span> 
     </span>
     <span class='ocr_line' id='line_1_21' title="bbox 156 1952 1137 2029; baseline 0.003 -15"><span class='ocrx_word' id='word_1_151' title='bbox 156 1954 249 2014; x_wconf 88' lang='lat' dir='ltr'><strong>tulius</strong></span> <span class='ocrx_word' id='word_1_152' title='bbox 265 1954 386 2014; x_wconf 88' lang='lat' dir='ltr'><strong>lortuna</strong></span> <span class='ocrx_word' id='word_1_153' title='bbox 400 1953 535 2027; x_wconf 85' lang='lat' dir='ltr'><strong>deponet</strong></span> <span class='ocrx_word' id='word_1_154' title='bbox 549 1968 641 2029; x_wconf 89' lang='lat' dir='ltr'><strong>quam</strong></span> <span class='ocrx_word' id='word_1_155' title='bbox 661 1952 719 2025; x_wconf 89' lang='lat' dir='ltr'><strong>ibi,</strong></span> <span class='ocrx_word' id='word_1_156' title='bbox 741 1954 823 2013; x_wconf 86' lang='lat' dir='ltr'><strong>unde</strong></span> <span class='ocrx_word' id='word_1_157' title='bbox 842 1952 911 2012; x_wconf 91' lang='lat' dir='ltr'><strong>sine</strong></span> <span class='ocrx_word' id='word_1_158' title='bbox 925 1954 1058 2028; x_wconf 80' lang='lat' dir='ltr'><strong>querela</strong></span> <span class='ocrx_word' id='word_1_159' title='bbox 1072 1954 1137 2017; x_wconf 89' lang='lat' dir='ltr'><strong>red·</strong></span> 
     </span>
    </p>

    <p class='ocr_par' dir='ltr' id='par_1_6' title="bbox 126 2035 1138 2531">
     <span class='ocr_line' id='line_1_22' title="bbox 126 2035 1138 2113; baseline -0.001 -15"><span class='ocrx_word' id='word_1_160' title='bbox 126 2037 257 2098; x_wconf 85' lang='lat' dir='ltr'><strong>3denlis</strong></span> <span class='ocrx_word' id='word_1_161' title='bbox 279 2042 440 2113; x_wconf 83' lang='lat' dir='ltr'><strong>receptura</strong></span> <span class='ocrx_word' id='word_1_162' title='bbox 465 2044 533 2098; x_wconf 88' lang='lat' dir='ltr'><strong>estl</strong></span> <span class='ocrx_word' id='word_1_163' title='bbox 559 2035 600 2095; x_wconf 89' lang='lat' dir='ltr'><strong>M.</strong></span> <span class='ocrx_word' id='word_1_164' title='bbox 623 2036 695 2097; x_wconf 87' lang='lat' dir='ltr'><strong>cato</strong></span> <span class='ocrx_word' id='word_1_165' title='bbox 717 2051 786 2097; x_wconf 88' lang='lat' dir='ltr'><strong>oum</strong></span> <span class='ocrx_word' id='word_1_166' title='bbox 806 2035 946 2097; x_wconf 90' lang='lat' dir='ltr'><strong>laudaret</strong></span> <span class='ocrx_word' id='word_1_167' title='bbox 960 2036 1093 2107; x_wconf 86' lang='lat' dir='ltr'><strong>-Curiuru</strong></span> <span class='ocrx_word' id='word_1_168' title='bbox 1111 2044 1138 2099; x_wconf 90' lang='lat' dir='ltr'><strong>el</strong></span> 
     </span>
     <span class='ocr_line' id='line_1_23' title="bbox 157 2117 1137 2195; baseline 0.002 -13"><span class='ocrx_word' id='word_1_169' title='bbox 157 2121 380 2183; x_wconf 82' lang='lat' dir='ltr'><strong>Coruncanium</strong></span> <span class='ocrx_word' id='word_1_170' title='bbox 396 2128 427 2181; x_wconf 92' lang='lat' dir='ltr'><strong>et</strong></span> <span class='ocrx_word' id='word_1_171' title='bbox 441 2122 515 2182; x_wconf 91' lang='lat' dir='ltr'><strong>illud</strong></span> <span class='ocrx_word' id='word_1_172' title='bbox 530 2122 683 2191; x_wconf 83' lang='lat' dir='ltr'><strong>seculum,</strong></span> <span class='ocrx_word' id='word_1_173' title='bbox 706 2118 736 2179; x_wconf 92' lang='lat' dir='ltr'><strong>in</strong></span> <span class='ocrx_word' id='word_1_174' title='bbox 753 2136 815 2195; x_wconf 88' lang='lat' dir='ltr'><strong>quo</strong></span> <span class='ocrx_word' id='word_1_175' title='bbox 831 2117 1009 2181; x_wconf 88' lang='lat' dir='ltr'><strong>oensorium</strong></span> <span class='ocrx_word' id='word_1_176' title='bbox 1023 2122 1137 2183; x_wconf 82' lang='lat' dir='ltr'><strong>aranea</strong></span> 
     </span>
     <span class='ocr_line' id='line_1_24' title="bbox 156 2202 1136 2283; baseline 0.002 -17"><span class='ocrx_word' id='word_1_177' title='bbox 156 2214 222 2267; x_wconf 90' lang='lat' dir='ltr'><strong>erat</strong></span> <span class='ocrx_word' id='word_1_178' title='bbox 234 2221 354 2282; x_wconf 82' lang='lat' dir='ltr'><strong>paucae</strong></span> <span class='ocrx_word' id='word_1_179' title='bbox 367 2206 485 2280; x_wconf 86' lang='lat' dir='ltr'><strong>argenti</strong></span> <span class='ocrx_word' id='word_1_180' title='bbox 499 2205 645 2277; x_wconf 82' lang='lat' dir='ltr'><strong>lamellae,</strong></span> <span class='ocrx_word' id='word_1_181' title='bbox 669 2202 852 2279; x_wconf 85' lang='lat' dir='ltr'><strong>possidebat</strong></span> <span class='ocrx_word' id='word_1_182' title='bbox 864 2203 933 2279; x_wconf 90' lang='lat' dir='ltr'><strong>ipse</strong></span> <span class='ocrx_word' id='word_1_183' title='bbox 948 2205 1136 2283; x_wconf 71' lang='lat' dir='ltr'><strong>quadragies</strong></span> 
     </span>
     <span class='ocr_line' id='line_1_25' title="bbox 156 2286 1136 2367; baseline 0.001 -17"><span class='ocrx_word' id='word_1_184' title='bbox 156 2290 344 2363; x_wconf 87' lang='lat' dir='ltr'><strong>sestertium,</strong></span> <span class='ocrx_word' id='word_1_185' title='bbox 365 2291 466 2350; x_wconf 89' lang='lat' dir='ltr'><strong>minus</strong></span> <span class='ocrx_word' id='word_1_186' title='bbox 487 2290 555 2349; x_wconf 91' lang='lat' dir='ltr'><strong>sine</strong></span> <span class='ocrx_word' id='word_1_187' title='bbox 570 2286 664 2349; x_wconf 91' lang='lat' dir='ltr'><strong>dubio</strong></span> <span class='ocrx_word' id='word_1_188' title='bbox 680 2303 773 2362; x_wconf 86' lang='lat' dir='ltr'><strong>quam</strong></span> <span class='ocrx_word' id='word_1_189' title='bbox 788 2287 935 2359; x_wconf 84' lang='lat' dir='ltr'><strong>Crassus,</strong></span> <span class='ocrx_word' id='word_1_190' title='bbox 956 2290 1031 2364; x_wconf 90' lang='lat' dir='ltr'><strong>plus</strong></span> <span class='ocrx_word' id='word_1_191' title='bbox 1048 2305 1136 2367; x_wconf 86' lang='lat' dir='ltr'><strong>quam</strong></span> 
     </span>
     <span class='ocr_line' id='line_1_26' title="bbox 157 2371 1136 2448; baseline 0.002 -14"><span class='ocrx_word' id='word_1_192' title='bbox 157 2374 321 2435; x_wconf 85' lang='lat' dir='ltr'><strong>censorius</strong></span> <span class='ocrx_word' id='word_1_193' title='bbox 337 2374 421 2436; x_wconf 85' lang='lat' dir='ltr'><strong>Cato.</strong></span> <span class='ocrx_word' id='word_1_194' title='bbox 443 2374 558 2434; x_wconf 86' lang='lat' dir='ltr'><strong>maiore</strong></span> <span class='ocrx_word' id='word_1_195' title='bbox 574 2372 690 2447; x_wconf 90' lang='lat' dir='ltr'><strong>spatio,</strong></span> <span class='ocrx_word' id='word_1_196' title='bbox 707 2371 735 2432; x_wconf 88' lang='lat' dir='ltr'><strong>si</strong></span> <span class='ocrx_word' id='word_1_197' title='bbox 749 2377 969 2447; x_wconf 82' lang='lat' dir='ltr'><strong>conparentur,</strong></span> <span class='ocrx_word' id='word_1_198' title='bbox 986 2388 1136 2448; x_wconf 84' lang='lat' dir='ltr'><strong>proavum</strong></span> 
     </span>
     <span class='ocr_line' id='line_1_27' title="bbox 156 2454 1134 2531; baseline 0 -14"><span class='ocrx_word' id='word_1_199' title='bbox 156 2458 284 2531; x_wconf 87' lang='lat' dir='ltr'><strong>vicerat,</strong></span> <span class='ocrx_word' id='word_1_200' title='bbox 301 2474 392 2531; x_wconf 87' lang='lat' dir='ltr'><strong>quam</strong></span> <span class='ocrx_word' id='word_1_201' title='bbox 408 2475 428 2517; x_wconf 88' lang='lat' dir='ltr'><strong>a</strong></span> <span class='ocrx_word' id='word_1_202' title='bbox 442 2458 555 2517; x_wconf 83' lang='lat' dir='ltr'><strong>crasso</strong></span> <span class='ocrx_word' id='word_1_203' title='bbox 569 2456 758 2530; x_wconf 85' lang='lat' dir='ltr'><strong>vinceretur,</strong></span> <span class='ocrx_word' id='word_1_204' title='bbox 774 2463 818 2531; x_wconf 85' lang='lat' dir='ltr'><strong>et,</strong></span> <span class='ocrx_word' id='word_1_205' title='bbox 833 2454 861 2515; x_wconf 92' lang='lat' dir='ltr'><strong>si</strong></span> <span class='ocrx_word' id='word_1_206' title='bbox 874 2454 1012 2517; x_wconf 84' lang='lat' dir='ltr'><strong>maiores</strong></span> <span class='ocrx_word' id='word_1_207' title='bbox 1026 2456 1071 2517; x_wconf 91' lang='lat' dir='ltr'><strong>illi</strong></span> <span class='ocrx_word' id='word_1_208' title='bbox 1085 2456 1134 2519; x_wconf 88' lang='lat' dir='ltr'><strong>ob·</strong></span> 
     </span>
    </p>

    <p class='ocr_par' dir='ltr' id='par_1_7' title="bbox 124 2537 1135 2939">
     <span class='ocr_line' id='line_1_28' title="bbox 124 2537 1135 2616; baseline -0.004 -11"><span class='ocrx_word' id='word_1_209' title='bbox 124 2543 312 2605; x_wconf 78' lang='lat' dir='ltr'><strong>lvenissenl</strong></span> <span class='ocrx_word' id='word_1_210' title='bbox 327 2556 419 2616; x_wconf 91' lang='lat' dir='ltr'><strong>opes,</strong></span> <span class='ocrx_word' id='word_1_211' title='bbox 442 2556 503 2600; x_wconf 94' lang='lat' dir='ltr'><strong>non</strong></span> <span class='ocrx_word' id='word_1_212' title='bbox 520 2540 700 2615; x_wconf 88' lang='lat' dir='ltr'><strong>sprevisset.</strong></span> <span class='ocrx_word' id='word_1_213' title='bbox 729 2554 787 2601; x_wconf 90' lang='lat' dir='ltr'><strong>neo</strong></span> <span class='ocrx_word' id='word_1_214' title='bbox 802 2537 882 2600; x_wconf 88' lang='lat' dir='ltr'><strong>enim</strong></span> <span class='ocrx_word' id='word_1_215' title='bbox 897 2555 933 2599; x_wconf 91' lang='lat' dir='ltr'><strong>se</strong></span> <span class='ocrx_word' id='word_1_216' title='bbox 948 2540 1080 2615; x_wconf 85' lang='lat' dir='ltr'><strong>sapiens</strong></span> <span class='ocrx_word' id='word_1_217' title='bbox 1093 2542 1135 2601; x_wconf 90' lang='lat' dir='ltr'><strong>iu-</strong></span> 
     </span>
     <span class='ocr_line' id='line_1_29' title="bbox 154 2622 1133 2698; baseline 0.003 -14"><span class='ocrx_word' id='word_1_218' title='bbox 154 2623 279 2698; x_wconf 86' lang='lat' dir='ltr'><strong>dignum</strong></span> <span class='ocrx_word' id='word_1_219' title='bbox 294 2622 363 2682; x_wconf 91' lang='lat' dir='ltr'><strong>ullis</strong></span> <span class='ocrx_word' id='word_1_220' title='bbox 378 2623 554 2683; x_wconf 88' lang='lat' dir='ltr'><strong>muneribus</strong></span> <span class='ocrx_word' id='word_1_221' title='bbox 571 2623 700 2685; x_wconf 82' lang='lat' dir='ltr'><strong>fortuitis</strong></span> <span class='ocrx_word' id='word_1_222' title='bbox 716 2629 811 2697; x_wconf 85' lang='lat' dir='ltr'><strong>putat</strong></span> <span class='ocrx_word' id='word_1_223' title='bbox 832 2639 893 2685; x_wconf 93' lang='lat' dir='ltr'><strong>non</strong></span> <span class='ocrx_word' id='word_1_224' title='bbox 909 2624 1133 2697; x_wconf 83' lang='lat' dir='ltr'><strong>amaldivltias,</strong></span> 
     </span>
     <span class='ocr_line' id='line_1_30' title="bbox 154 2705 1134 2785; baseline 0.002 -18"><span class='ocrx_word' id='word_1_225' title='bbox 154 2708 211 2768; x_wconf 90' lang='lat' dir='ltr'><strong>sed</strong></span> <span class='ocrx_word' id='word_1_226' title='bbox 225 2705 349 2767; x_wconf 90' lang='lat' dir='ltr'><strong>mavult.</strong></span> <span class='ocrx_word' id='word_1_227' title='bbox 378 2722 439 2766; x_wconf 94' lang='lat' dir='ltr'><strong>non</strong></span> <span class='ocrx_word' id='word_1_228' title='bbox 461 2705 492 2766; x_wconf 92' lang='lat' dir='ltr'><strong>in</strong></span> <span class='ocrx_word' id='word_1_229' title='bbox 508 2707 640 2766; x_wconf 91' lang='lat' dir='ltr'><strong>animum</strong></span> <span class='ocrx_word' id='word_1_230' title='bbox 655 2705 739 2781; x_wconf 90' lang='lat' dir='ltr'><strong>illas,</strong></span> <span class='ocrx_word' id='word_1_231' title='bbox 760 2707 862 2769; x_wconf 89' lang='lat' dir='ltr'><strong>sedin</strong></span> <span class='ocrx_word' id='word_1_232' title='bbox 877 2707 1005 2769; x_wconf 85' lang='lat' dir='ltr'><strong>domum</strong></span> <span class='ocrx_word' id='word_1_233' title='bbox 1017 2708 1134 2785; x_wconf 76' lang='lat' dir='ltr'><strong>recipit</strong></span> 
     </span>
     <span class='ocr_line' id='line_1_31' title="bbox 153 2787 1135 2866; baseline 0.006 -17"><span class='ocrx_word' id='word_1_234' title='bbox 153 2805 211 2851; x_wconf 88' lang='lat' dir='ltr'><strong>neo</strong></span> <span class='ocrx_word' id='word_1_235' title='bbox 235 2787 353 2866; x_wconf 89' lang='lat' dir='ltr'><strong>respuit</strong></span> <span class='ocrx_word' id='word_1_236' title='bbox 376 2805 558 2866; x_wconf 85' lang='lat' dir='ltr'><strong>possessas,</strong></span> <span class='ocrx_word' id='word_1_237' title='bbox 583 2792 641 2851; x_wconf 90' lang='lat' dir='ltr'><strong>sed</strong></span> <span class='ocrx_word' id='word_1_238' title='bbox 662 2789 797 2853; x_wconf 84' lang='lat' dir='ltr'><strong>eontinet</strong></span> <span class='ocrx_word' id='word_1_239' title='bbox 815 2799 845 2853; x_wconf 89' lang='lat' dir='ltr'><strong>et</strong></span> <span class='ocrx_word' id='word_1_240' title='bbox 866 2791 1015 2853; x_wconf 77' lang='lat' dir='ltr'><strong>maimem</strong></span> <span class='ocrx_word' id='word_1_241' title='bbox 1036 2790 1135 2855; x_wconf 88' lang='lat' dir='ltr'><strong>virtuti</strong></span> 
     </span>
     <span class='ocr_line' id='line_1_32' title="bbox 153 2874 725 2939; baseline 0.002 -4"><span class='ocrx_word' id='word_1_242' title='bbox 153 2891 229 2936; x_wconf 90' lang='lat' dir='ltr'><strong>suae</strong></span> <span class='ocrx_word' id='word_1_243' title='bbox 244 2875 401 2939; x_wconf 89' lang='lat' dir='ltr'><strong>materiam</strong></span> <span class='ocrx_word' id='word_1_244' title='bbox 416 2874 639 2937; x_wconf 86' lang='lat' dir='ltr'><strong>subministrari</strong></span> <span class='ocrx_word' id='word_1_245' title='bbox 653 2878 725 2937; x_wconf 86' lang='lat' dir='ltr'><strong>vult</strong></span> 
     </span>
    </p>

    <p class='ocr_par' dir='ltr' id='par_1_8' title="bbox 125 2958 1135 3372">
     <span class='ocr_line' id='line_1_33' title="bbox 125 2958 1135 3035; baseline 0.005 -20"><span class='ocrx_word' id='word_1_246' title='bbox 125 2964 139 3015; x_wconf 93' lang='lat'>1</span> <span class='ocrx_word' id='word_1_247' title='bbox 213 2960 304 3021; x_wconf 87' lang='lat' dir='ltr'><strong>XXll.</strong></span> <span class='ocrx_word' id='word_1_248' title='bbox 328 2959 407 3034; x_wconf 82' lang='lat' dir='ltr'><strong>Quid</strong></span> <span class='ocrx_word' id='word_1_249' title='bbox 421 2967 522 3022; x_wconf 87' lang='lat' dir='ltr'><strong>antem</strong></span> <span class='ocrx_word' id='word_1_250' title='bbox 536 2959 621 3020; x_wconf 90' lang='lat' dir='ltr'><strong>dubii</strong></span> <span class='ocrx_word' id='word_1_251' title='bbox 635 2968 696 3032; x_wconf 90' lang='lat' dir='ltr'><strong>est,</strong></span> <span class='ocrx_word' id='word_1_252' title='bbox 714 2958 788 3035; x_wconf 90' lang='lat' dir='ltr'><strong>quia</strong></span> <span class='ocrx_word' id='word_1_253' title='bbox 802 2958 880 3018; x_wconf 75' lang='lat' dir='ltr'><strong>liaeo</strong></span> <span class='ocrx_word' id='word_1_254' title='bbox 893 2959 995 3035; x_wconf 85' lang='lat' dir='ltr'><strong>maior</strong></span> <span class='ocrx_word' id='word_1_255' title='bbox 1007 2960 1135 3023; x_wconf 86' lang='lat' dir='ltr'><strong>materia</strong></span> 
     </span>
     <span class='ocr_line' id='line_1_34' title="bbox 152 3041 1134 3121; baseline 0.002 -17"><span class='ocrx_word' id='word_1_256' title='bbox 152 3044 283 3119; x_wconf 88' lang='lat' dir='ltr'><strong>sapienti</strong></span> <span class='ocrx_word' id='word_1_257' title='bbox 299 3042 365 3102; x_wconf 91' lang='lat' dir='ltr'><strong>viro</strong></span> <span class='ocrx_word' id='word_1_258' title='bbox 381 3043 420 3102; x_wconf 93' lang='lat' dir='ltr'><strong>sit</strong></span> <span class='ocrx_word' id='word_1_259' title='bbox 434 3044 566 3104; x_wconf 89' lang='lat' dir='ltr'><strong>animum</strong></span> <span class='ocrx_word' id='word_1_260' title='bbox 581 3042 757 3119; x_wconf 84' lang='lat' dir='ltr'><strong>explicandi</strong></span> <span class='ocrx_word' id='word_1_261' title='bbox 768 3057 857 3103; x_wconf 89' lang='lat' dir='ltr'><strong>suum</strong></span> <span class='ocrx_word' id='word_1_262' title='bbox 869 3041 900 3103; x_wconf 90' lang='lat' dir='ltr'><strong>in</strong></span> <span class='ocrx_word' id='word_1_263' title='bbox 912 3042 1029 3105; x_wconf 80' lang='lat' dir='ltr'><strong>divitiis</strong></span> <span class='ocrx_word' id='word_1_264' title='bbox 1043 3060 1134 3121; x_wconf 85' lang='lat' dir='ltr'><strong>quam</strong></span> 
     </span>
     <span class='ocr_line' id='line_1_35' title="bbox 150 3124 1135 3201; baseline 0.002 -16"><span class='ocrx_word' id='word_1_265' title='bbox 150 3125 181 3185; x_wconf 92' lang='lat' dir='ltr'><strong>in</strong></span> <span class='ocrx_word' id='word_1_266' title='bbox 204 3133 399 3201; x_wconf 88' lang='lat' dir='ltr'><strong>paupertate,</strong></span> <span class='ocrx_word' id='word_1_267' title='bbox 423 3142 492 3187; x_wconf 89' lang='lat' dir='ltr'><strong>oum</strong></span> <span class='ocrx_word' id='word_1_268' title='bbox 511 3126 541 3187; x_wconf 93' lang='lat' dir='ltr'><strong>in</strong></span> <span class='ocrx_word' id='word_1_269' title='bbox 562 3127 620 3186; x_wconf 81' lang='lat' dir='ltr'><strong>lrao</strong></span> <span class='ocrx_word' id='word_1_270' title='bbox 641 3140 734 3185; x_wconf 89' lang='lat' dir='ltr'><strong>unum</strong></span> <span class='ocrx_word' id='word_1_271' title='bbox 754 3141 851 3199; x_wconf 84' lang='lat' dir='ltr'><strong>genus</strong></span> <span class='ocrx_word' id='word_1_272' title='bbox 871 3124 991 3187; x_wconf 86' lang='lat' dir='ltr'><strong>virtutis</strong></span> <span class='ocrx_word' id='word_1_273' title='bbox 1012 3126 1135 3190; x_wconf 81' lang='lat' dir='ltr'><strong>sitnon</strong></span> 
     </span>
     <span class='ocr_line' id='line_1_36' title="bbox 150 3203 1133 3284; baseline 0.006 -16"><span class='ocrx_word' id='word_1_274' title='bbox 150 3208 288 3268; x_wconf 85' lang='lat' dir='ltr'><strong>inclinari</strong></span> <span class='ocrx_word' id='word_1_275' title='bbox 302 3224 360 3267; x_wconf 90' lang='lat' dir='ltr'><strong>neo</strong></span> <span class='ocrx_word' id='word_1_276' title='bbox 375 3208 518 3284; x_wconf 85' lang='lat' dir='ltr'><strong>deprimi,</strong></span> <span class='ocrx_word' id='word_1_277' title='bbox 544 3210 575 3267; x_wconf 92' lang='lat' dir='ltr'><strong>in</strong></span> <span class='ocrx_word' id='word_1_278' title='bbox 590 3203 701 3265; x_wconf 88' lang='lat' dir='ltr'><strong>divitiis</strong></span> <span class='ocrx_word' id='word_1_279' title='bbox 716 3213 747 3267; x_wconf 93' lang='lat' dir='ltr'><strong>et</strong></span> <span class='ocrx_word' id='word_1_280' title='bbox 762 3209 962 3283; x_wconf 88' lang='lat' dir='ltr'><strong>temperantia</strong></span> <span class='ocrx_word' id='word_1_281' title='bbox 976 3216 1008 3270; x_wconf 85' lang='lat' dir='ltr'><strong>et</strong></span> <span class='ocrx_word' id='word_1_282' title='bbox 1022 3211 1133 3273; x_wconf 75' lang='lat' dir='ltr'><strong>libera</strong></span> 
     </span>
     <span class='ocr_line' id='line_1_37' title="bbox 150 3286 1135 3372; baseline 0.007 -21"><span class='ocrx_word' id='word_1_283' title='bbox 150 3292 218 3351; x_wconf 90' lang='lat' dir='ltr'><strong>litas</strong></span> <span class='ocrx_word' id='word_1_284' title='bbox 239 3296 270 3350; x_wconf 93' lang='lat' dir='ltr'><strong>et</strong></span> <span class='ocrx_word' id='word_1_285' title='bbox 289 3291 445 3366; x_wconf 88' lang='lat' dir='ltr'><strong>diligentia</strong></span> <span class='ocrx_word' id='word_1_286' title='bbox 467 3300 498 3352; x_wconf 92' lang='lat' dir='ltr'><strong>et</strong></span> <span class='ocrx_word' id='word_1_287' title='bbox 518 3286 681 3361; x_wconf 89' lang='lat' dir='ltr'><strong>dispositio</strong></span> <span class='ocrx_word' id='word_1_288' title='bbox 702 3294 733 3347; x_wconf 91' lang='lat' dir='ltr'><strong>el</strong></span> <span class='ocrx_word' id='word_1_289' title='bbox 746 3290 972 3365; x_wconf 77' lang='lat' dir='ltr'><strong>magnificentia</strong></span> <span class='ocrx_word' id='word_1_290' title='bbox 988 3309 1135 3372; x_wconf 83' lang='lat' dir='ltr'><strong>eampum</strong></span> 
     </span>
    </p>

    <p class='ocr_par' dir='ltr' id='par_1_9' title="bbox 120 3372 1135 3532">
     <span class='ocr_line' id='line_1_38' title="bbox 120 3372 1135 3450; baseline 0.005 -14"><span class='ocrx_word' id='word_1_291' title='bbox 120 3374 260 3436; x_wconf 73' lang='lat' dir='ltr'><strong>ahabeat</strong></span> <span class='ocrx_word' id='word_1_292' title='bbox 283 3381 446 3447; x_wconf 88' lang='lat' dir='ltr'><strong>patentem.</strong></span> <span class='ocrx_word' id='word_1_293' title='bbox 484 3372 551 3432; x_wconf 83' lang='lat' dir='ltr'><strong>lton</strong></span> <span class='ocrx_word' id='word_1_294' title='bbox 579 3374 753 3430; x_wconf 71' lang='lat' dir='ltr'><strong>eonwmnet</strong></span> <span class='ocrx_word' id='word_1_295' title='bbox 777 3388 814 3433; x_wconf 86' lang='lat' dir='ltr'><strong>se</strong></span> <span class='ocrx_word' id='word_1_296' title='bbox 841 3376 985 3450; x_wconf 90' lang='lat' dir='ltr'><strong>sapiens,</strong></span> <span class='ocrx_word' id='word_1_297' title='bbox 1011 3378 1135 3441; x_wconf 87' lang='lat' dir='ltr'><strong>etiamsi</strong></span> 
     </span>
     <span class='ocr_line' id='line_1_39' title="bbox 150 3453 1134 3532; baseline 0.007 -14"><span class='ocrx_word' id='word_1_298' title='bbox 150 3456 239 3518; x_wconf 87' lang='lat' dir='ltr'><strong>luerit</strong></span> <span class='ocrx_word' id='word_1_299' title='bbox 258 3453 399 3518; x_wconf 87' lang='lat' dir='ltr'><strong>minimae</strong></span> <span class='ocrx_word' id='word_1_300' title='bbox 418 3462 565 3523; x_wconf 79' lang='lat' dir='ltr'><strong>staturae,</strong></span> <span class='ocrx_word' id='word_1_301' title='bbox 586 3463 660 3508; x_wconf 82' lang='lat' dir='ltr'><strong>esse</strong></span> <span class='ocrx_word' id='word_1_302' title='bbox 678 3455 781 3512; x_wconf 72' lang='lat' dir='ltr'><strong>amen</strong></span> <span class='ocrx_word' id='word_1_303' title='bbox 802 3470 838 3516; x_wconf 88' lang='lat' dir='ltr'><strong>se</strong></span> <span class='ocrx_word' id='word_1_304' title='bbox 857 3471 1025 3532; x_wconf 82' lang='lat' dir='ltr'><strong>protorum</strong></span> <span class='ocrx_word' id='word_1_305' title='bbox 1040 3464 1134 3524; x_wconf 87' lang='lat' dir='ltr'><strong>volet.</strong></span> 
     </span>
    </p>
   </div>
   <div class='ocr_carea' id='block_1_4' title="bbox 0 0 1194 3856">
    <p class='ocr_par' dir='ltr' id='par_1_10' title="bbox 0 0 1194 3856">
     <span class='ocr_line' id='line_1_40' title="bbox 0 0 1194 3856; baseline 0 4"><span class='ocrx_word' id='word_1_306' title='bbox 0 0 1194 3856; x_wconf 95' lang='lat' dir='ltr'><strong> </strong></span> 
     </span>
    </p>
   </div>
  </div>
 </body>
</html>
