2378 3856
171 188 233 251 aso
367 158 954 248 L ANNAE18ENECAEE1AEA'II.
1180 148 1185 349 1

173 342 286 420 dIrigez
308 340 505 404 siccabuntur
516 338 639 400 maxim
653 345 685 399 et
698 337 857 399 clarissimi
869 344 1046 415 conspectu
1056 342 1148 401 numi·

172 428 231 489 nis.
264 427 364 501 fulgor
381 426 449 486 eius
470 424 554 497 illos,
582 430 615 484 ut
635 421 708 483 nihil
729 420 814 482 aliud
836 420 962 498 possint
976 421 1148 499 adspicere,

144 509 374 588 lpraestringet
388 518 419 570 et
435 509 464 567 io
481 524 517 568 se
530 508 692 568 haerentes
709 504 864 566 detinebit
894 504 954 566 Hic
967 502 1039 583 tibi,
1060 522 1148 583 quem

172 603 204 656 tu
225 593 333 655 diebus
354 594 480 653 intueris
502 608 539 652 ao
558 589 714 664 noctibus,
740 606 761 649 a
782 605 844 665 quo
865 604 1039 665 numquam
1055 590 1146 653 deicis

173 679 320 749 animum,
343 677 525 752 cogitandus
545 684 607 747 est,
624 673 674 735 hic
694 682 801 735 contra
819 673 976 743 fortunam
993 674 1145 737 advocan-

173 763 242 823 dus.
281 776 338 821 nec
353 760 557 833 dubito,·eum
574 766 656 819 tanta
669 758 711 818 illi
726 757 878 819 adversus
893 770 1006 819 omnes
1024 758 1145 821 suessit

172 844 377 906 mansuetudo
400 851 543 917 tantaque
563 841 766 916 indulgentie,
786 840 858 916 quin
875 839 936 902 iam
949 840 1057 904 multis
1071 844 1144 905 eob-
1179 760 1185 937 1

171 930 221 989 tiis
236 936 319 988 tuum
336 927 420 986 istud
434 927 544 985 volnus
557 925 734 997 obduxerit,
757 926 866 999 multa,
890 940 972 1000 quae
982 925 1143 989 doloriob
1179 942 1185 1013 ᾗ

172 1018 288 1070 starent
307 1017 375 1082 tuo,
401 1009 601 1084 congesserit.
639 1008 718 1082 Quid
738 1015 855 1083 porrot
882 1017 914 1070 ut
937 1007 1017 1069 nibil
1042 1010 1142 1073 horum

173 1094 292 1167 lecerit,
317 1108 419 1154 nonne
439 1093 579 1169 protinus
598 1093 667 1167 ipse
688 1100 874 1168 conspectus
894 1107 953 1167 per
968 1108 1007 1154 se
1020 1100 1141 1157 tantum

145 1178 265 1238 amodo
287 1176 499 1252 cogitatusque
521 1177 634 1237 Caesar
654 1175 788 1237 maximo
809 1176 920 1238 solatio
937 1176 995 1237 tibi
1010 1184 1081 1240 estl
1109 1176 1140 1239 lli

171 1262 256 1322 illmn
272 1261 412 1336 deaeque
423 1259 512 1321 terris
524 1260 576 1322 diu
588 1260 790 1320 commodent.
812 1258 1141 1339 actahchiviAupneti

118 1412 121 1419 ,
173 1352 300 1421 aequet,
321 1361 420 1405 annos
433 1343 542 1405 vincat.
577 1344 722 1419 quamdiu
736 1344 813 1405 Inter
827 1343 966 1406 mortalis
981 1344 1058 1420 erit,
1077 1344 1140 1407 nillil

173 1446 211 1488 ex
227 1430 318 1491 domo
335 1445 393 1490 sua
407 1430 533 1489 mortale
549 1443 621 1489 esse
634 1428 753 1488 sentiat.
772 1435 923 1491 rectorem
936 1428 1081 1492 Romano
1093 1430 1141 1491 in·

172 1513 258 1586 perio
279 1511 374 1572 filium
394 1514 486 1586 longa
502 1510 564 1570 fide
578 1512 729 1586 adprobet
743 1518 773 1571 et
787 1519 857 1573 ante
871 1513 955 1573 illum
970 1520 1140 1579 consortem

172 1596 268 1670 patris
291 1611 382 1670 quam
409 1610 623 1656 successorem
649 1595 808 1670 adspiciat.
839 1611 911 1656 sera
930 1604 961 1657 et
981 1597 1140 1674 nepotibus

172 1679 293 1739 demum
314 1678 428 1739 nostris
448 1678 516 1738 dies
536 1686 609 1738 nota
629 1680 684 1753 sit,
709 1695 771 1753 qua
787 1679 871 1739 illurn
889 1694 968 1755 gens
986 1682 1139 1743 suaeoelo

172 1762 304 1841 adseret.
1182 1774 1185 1835 Ι

143 1854 156 1903 1
233 1846 311 1904 XIII.
341 1851 407 1918 [em]
429 1845 559 1905 Abstine
575 1844 614 1904 ab
628 1844 688 1905 hoo
702 1862 810 1906 manus
826 1852 910 1921 tuas,
932 1847 1070 1923 fortuna,
1089 1860 1141 1907 neo

171 1927 201 1987 in
217 1928 275 1988 isto
291 1930 458 2003 potentiam
473 1936 553 1989 tuam
569 1926 629 1987 nIsi
646 1944 683 1988 ea
697 1936 798 2004 parte,
821 1946 883 2005 qua
894 1931 1030 2006 prodeo,
1046 1938 1140 1993 osten-

172 2010 263 2071 deris.
297 2020 403 2086 patere
423 2012 506 2073 illum
525 2011 630 2086 generi
646 2010 778 2074 humano
793 2013 853 2073 iam
869 2012 923 2075 diu
937 2028 1035 2091 aegro
1048 2021 1081 2076 et
1092 2012 1137 2075 ad·

171 2095 251 2157 secto
265 2096 390 2156 mederi
412 2104 517 2171 patere
534 2094 680 2171 quicquid
692 2095 804 2172 prioris
816 2095 965 2173 principle
976 2099 1139 2161 imorcon·

172 2180 284 2256 cussit,
303 2181 333 2240 in
349 2196 438 2243 suum
451 2182 553 2241 locum
567 2181 727 2240 restituere
740 2197 777 2241 ac
792 2196 953 2256 reponere.
974 2182 1066 2245 sidus
1076 2181 1138 2255 bot,

172 2264 256 2338 quod
276 2265 474 2340 praecipitato
495 2265 524 2323 in
546 2264 732 2339 protundum
746 2273 777 2325 et
792 2265 934 2326 demerso
957 2265 1138 2329 intenebris

142 2348 235 2409 Eorbi
251 2349 384 2422 refulsit,
405 2357 527 2423 semper
541 2350 648 2407 luceat.
679 2348 735 2408 Hie
747 2347 941 2409 Germaniam
954 2351 1067 2426 placet,
1080 2345 1138 2411 Bri·

170 2430 303 2489 tanniam
324 2433 453 2508 aperiat,
480 2438 510 2491 et
535 2432 651 2507 patrios
675 2431 844 2507 triumphos
866 2433 958 2494 ducat
977 2439 1010 2495 et
1034 2447 1138 2497 novos.

171 2529 305 2586 quorum·
322 2530 371 2573 me
393 2530 518 2590 quoque
539 2521 744 2588 spectatorem
762 2516 910 2590 laturum,
933 2532 1016 2592 quae
1030 2533 1073 2580 ex
1086 2514 1138 2577 vir·

169 2594 283 2655 tutibus
305 2597 371 2655 elus
394 2598 522 2671 primum
543 2597 657 2657 obtinet
675 2598 791 2673 locum,
814 2598 960 2674 promittit
974 2600 1139 2663 clemendo.

169 2692 226 2736 neo
242 2678 321 2737 enim
337 2679 382 2738 sic
397 2695 446 2739 me
461 2678 585 2753 deiecit,
600 2688 633 2740 ut
647 2682 740 2742 nollet
754 2683 889 2757 erigere,
903 2682 999 2746 immo
1011 2698 1052 2745 ne
1061 2684 1138 2745 daie

170 2761 210 2821 cit
224 2761 361 2837 quidem,
378 2764 434 2823 sed
448 2763 602 2838 inpulsum
617 2780 635 2823 a
650 2765 772 2825 fortuna
785 2772 816 2827 et
830 2765 991 2828 cadentem
1001 2765 1140 2829 sustinuit

170 2854 200 2906 ct
214 2845 243 2904 in
263 2862 413 2922 praeceps
428 2855 549 2908 euntem
565 2847 673 2908 leniter
686 2849 807 2911 divinae
822 2865 930 2911 manus
943 2867 1024 2913 usus
1038 2850 1138 2913 mode·

169 2930 286 2991 ratione
301 2931 453 3005 deposuit.
477 2932 660 3006 deprecatus
672 2941 720 2994 est
730 2951 787 3009 pro
798 2949 847 2994 me
858 2941 999 2995 senatum
1011 2944 1044 2996 et
1053 2934 1140 2995 vitam

141 3013 241 3077 amihi
257 3029 318 3072 non
332 3022 446 3076 tantum
463 3015 561 3089 dedit,
582 3018 744 3077 sedetiam
760 3017 853 3092 petiit.
885 3017 1009 3079 Viderit
1022 3018 1140 3095 qualem

161 3097 251 3155 *volet
264 3110 335 3157 esse
350 3106 379 3160 et
391 3100 529 3160 aestimet
543 3115 668 3159 causam
683 3116 795 3161 meam:
818 3102 868 3161 vel
882 3100 998 3165 iustitia
1009 3103 1078 3166 eius
1088 3103 1139 3163 bo·

168 3194 238 3236 nam
253 3182 421 3256 perspiciat
436 3183 485 3241 vel
503 3182 663 3242 clementia
681 3184 772 3245 saciat
785 3185 913 3247 bonam=
934 3186 1139 3264 utrumquem

168 3276 269 3337 aequo
293 3261 366 3322 mihi
392 3266 458 3324 eius
478 3264 660 3325 beneficium
684 3267 753 3339 erit,
783 3269 848 3328 sive
872 3269 1070 3333 innocentem
1095 3283 1140 3331 me

168 3346 271 3406 scierit
290 3361 376 3419 esse,
399 3348 465 3407 sive
485 3347 623 3409 voluerit.
658 3349 777 3411 Interim
792 3367 937 3427 magnum
950 3354 1138 3415 miseriarum

168 3443 303 3489 mearum
322 3429 463 3489 solatium
483 3439 531 3492 est
552 3431 657 3494 videre
683 3435 922 3495 misericordiam
950 3434 1020 3499 eius
1045 3446 1138 3501 totum
