2378 3856
84 204 865 287 nuuunvrauunrnnuuuconsornuouu.
876 234 962 290 r-o.
977 223 1039 289 245

65 377 172 450 crede,
196 373 235 435 ab
256 374 323 450 illo,
346 374 488 452 quisquis
503 377 650 438 formator
662 377 800 438 universi
814 378 884 453 luit,
907 375 976 440 sive
989 381 1040 441 ille

65 462 212 521 deusest
231 465 342 534 potens
363 460 513 535 omnium,
539 460 606 520 sive
626 460 827 536 incorporalis
841 464 918 522 ratio
933 463 1037 537 ingen*

63 544 138 606 tium
154 556 281 618 operum
297 542 414 617 artifex,
431 543 499 603 sive
513 543 636 603 divinus
650 542 777 619 spiritus
792 560 849 620 per
863 543 967 606 omnia
975 561 1037 606 ma·

63 627 147 687 xima
167 640 204 686 ac
224 625 347 686 minima
367 624 489 702 aequali
509 623 836 702 intentionediil'usus,
864 626 931 689 sive
945 631 1038 690 latum

64 719 94 772 et
108 706 294 771 inmutabilis
309 719 471 771 causarum
487 710 616 771 intersc
629 709 857 774 cohaerentium
869 713 981 774 sericea
995 714 1036 786 id,

64 797 205 871 inquam,
222 800 321 855 actum
336 800 443 867 estut
457 794 486 853 in
502 794 634 854 alienum
648 793 804 855 arbitrium
818 796 878 856 nisi
890 795 1038 856 vilissima

63 892 210 955 quaeque
228 890 300 939 non·
312 877 466 937 caderent.
499 875 649 953 Quicquid
670 878 817 955 optimum
839 878 955 940 homini
975 886 1067 955 est,l

64 959 96 1022 ld
121 970 210 1023 extra
232 959 394 1020 humanam
418 961 586 1035 potentiam
605 961 692 1022 iacet
714 959 784 1023 'nec
805 959 870 1023 dori
885 978 943 1023 nec
958 962 1037 1039 cripi

62 1053 177 1123 potest
206 1044 338 1105 mundus
350 1044 415 1118 bic,
436 1060 498 1120 quo
514 1043 588 1107 nihil
601 1061 703 1122 neque
719 1043 816 1108 maius
828 1061 932 1122 neque
947 1062 1037 1109 orna·

62 1128 123 1190 tius
143 1144 246 1189 rerum
264 1131 373 1188 tratura
392 1129 511 1203 genuit,
530 1130 649 1190 animus
671 1133 893 1204 contemplator
905 1130 1037 1190 admira·

61 1222 173 1287 torque
193 1209 312 1285 muudi,
333 1211 407 1286 pars
423 1211 489 1272 eius
503 1211 819 1288 magnificentissima,
841 1213 968 1288 propria
982 1229 1036 1274 no

33 1364 42 1375 „
62 1297 110 1358 bis
126 1303 156 1356 et
170 1301 320 1371 perpetua
333 1301 364 1354 et
378 1294 493 1355 tamdiu
506 1295 668 1356 uobiscum
682 1311 827 1357 mansura
841 1303 919 1368 sunt,
932 1312 1037 1371 quam·

29 1376 32 1380 ’
62 1380 117 1441 diu
130 1380 191 1455 ipsi
206 1377 405 1439 manebimus.
427 1380 555 1439 Alacres
570 1381 674 1453 itaque
685 1385 714 1438 el
726 1379 829 1453 erecti,
842 1392 1063 1454 quocumquee

61 1479 113 1525 res
128 1463 237 1537 tulerit,
244 1460 397 1537 intrepido
411 1463 509 1538 gradu
523 1475 734 1539 properemus.
756 1463 933 1523 emetiamur
944 1478 1036 1538 quas»

61 1562 195 1622 cumque
214 1553 328 1619 terras:
352 1540 468 1618 nullum
488 1546 617 1605 inveniri
639 1547 763 1607 exilium
785 1546 863 1606 intra
889 1547 1036 1606 mundum

61 1634 192 1708 [podest
206 1630 337 1690 alienum
351 1629 466 1689 homini
481 1635 562 1702 [estl.
594 1631 810 1706 undecumque
825 1645 864 1689 ex
880 1646 980 1704 aequo
997 1631 1037 1690 ad
1052 1638 1055 1643 “

61 1715 184 1785 coelum
208 1711 332 1787 erigitur
357 1715 457 1788 acies,
482 1714 608 1789 paribus
627 1714 795 1773 intervallis
816 1717 917 1773 omnia
933 1713 1036 1772 divina

10 1839 14 1848 ·
61 1799 102 1859 ab
125 1795 266 1859 omnibus
285 1796 426 1857 humanis
442 1797 563 1857 distant.
596 1797 727 1857 Proinde
741 1794 812 1857 dum
828 1795 909 1858 oculi
923 1796 982 1855 mei
998 1795 1065 1856 abd

59 1884 112 1943 illo
126 1882 320 1957 spectaculo,
343 1880 430 1941 cuius
448 1881 635 1942 insatiabiles
650 1887 736 1953 sunt,
759 1897 819 1942 non
836 1881 1034 1954 abducantur,

60 1966 136 2026 dum
150 1964 222 2024 mihi
237 1964 335 2026 solem
349 1965 514 2040 lunamque
527 1965 635 2026 intueri
650 1965 753 2038 liceat,
776 1965 848 2025 dum
863 1965 973 2024 ceteris
989 1961 1034 2023 in·

58 2049 190 2108 haerere
215 2047 383 2118 sideribus,
410 2048 483 2108 dum
505 2056 590 2114 ortus
610 2052 715 2108 eorum
737 2063 931 2121 occasusque
946 2055 976 2107 et
990 2048 1034 2104 in-

58 2132 189 2204 teruuila
202 2140 232 2192 et
247 2146 358 2192 causas
369 2131 553 2206 investigare
563 2133 701 2191 velocius
712 2132 834 2191 meandi
846 2132 895 2189 vel
906 2129 1034 2203 tardius,

59 2222 204 2291 spectare
223 2221 269 2275 tot
288 2222 486 2292 pernoctem
509 2216 613 2274 stellas
634 2214 780 2274 micantea
801 2214 921 2273 stallae
937 2213 1035 2272 inmo

41 2297 156 2373 biles,
176 2297 261 2359 alius
281 2313 343 2358 non
364 2297 394 2359 in
415 2313 559 2372 magnum
573 2296 706 2372 spatium
722 2305 870 2357 exeuntes
885 2298 943 2357 sed
957 2295 1035 2356 intra

59 2399 151 2443 suum
167 2398 203 2442 se
216 2383 457 2456 circumagentes
471 2381 642 2456 vestigium,
657 2380 809 2456 quasdam
823 2379 924 2440 subito
937 2380 1034 2439 erumss

58 2473 187 2542 pentes,
208 2467 359 2541 quasdam
373 2465 444 2540 igue
459 2466 528 2525 luso
543 2464 801 2540 praestringentes
816 2461 927 2536 aciem,
944 2463 1034 2539 quasi

58 2549 219 2622 decidant,
245 2550 295 2610 vel
319 2550 412 2623 longo
439 2555 537 2610 tractu
562 2564 629 2608 cum
653 2549 723 2609 luce
742 2548 837 2608 multa
858 2554 1033 2623 praetervo-

59 2634 174 2708 lantes,
196 2634 268 2695 dum
288 2649 358 2694 cum
371 2632 420 2693 ills
440 2633 497 2694 sim
512 2638 543 2694 et
556 2632 758 2707 coelestibus,
780 2648 842 2708 qua
856 2632 971 2693 bomini
985 2631 1032 2692 las

59 2724 124 2790 est,
145 2717 324 2790 inmiscear,
344 2717 417 2777 dum
433 2719 565 2777 animum
579 2717 619 2777 ad
634 2724 832 2791 cognatarum
845 2732 947 2776 rerum
961 2732 1033 2776 con·

60 2808 202 2876 spectum
215 2799 388 2859 tendentem
402 2800 432 2859 in
447 2800 568 2861 sublimi
583 2816 706 2876 semper
719 2799 865 2860 babeam:
888 2805 1034 2873 quantum

58 2885 154 2943 relert
169 2896 248 2956 mea,
263 2879 337 2954 quid
351 2883 486 2940 calcemt

124 2965 174 3026 IX.
195 2966 256 3038 „At
271 2979 332 3023 non
349 2971 396 3024 est
409 2963 486 3023 haec
502 2972 581 3024 terra
596 2962 809 3036 frugiferarum
824 2969 875 3022 aut
888 2962 1064 3023 laetaruml

60 3051 205 3111 arborum
220 3049 315 3107 ferax.
349 3063 411 3112 non
426 3046 545 3121 magnis
560 3060 618 3104 nec
635 3043 857 3120 navigabilibus
875 3044 1034 3106 fluminum

60 3135 157 3194 alveis
172 3132 328 3207 irrigatur.
354 3130 427 3191 nihil
440 3129 635 3206 gignit,quod
648 3127 727 3189 aliae
740 3134 846 3203 gentes
861 3136 973 3206 petant,
983 3130 1034 3190 vix

61 3218 101 3276 ad
121 3218 243 3277 tutelam
264 3215 459 3276 incolentium
480 3213 596 3274 rerdlls.
628 3230 689 3274 non
710 3212 864 3289 pretiosus
876 3212 935 3274 'hic
953 3215 1033 3288 lapis

62 3299 213 3374 caeditur,
234 3314 296 3359 non
316 3298 383 3359 auri
403 3297 583 3377 argentique
603 3313 701 3358 venae
715 3303 895 3359 eruuntur.“
928 3299 1062 3370 Augu-r

61 3391 128 3444 slus
147 3383 266 3444 animus
289 3390 350 3456 est,
374 3386 465 3459 quern
485 3384 606 3462 terrem
627 3383 794 3442 delectant:
817 3382 857 3440 ad
871 3380 923 3438 illa
937 3377 1032 3440 abdu-

60 3466 178 3526 cendus
193 3474 254 3540 est,
280 3482 359 3541 quae
375 3466 487 3543 ubique
503 3481 601 3541 aeque
616 3465 779 3540 adparent,
804 3464 919 3538 ubique
933 3476 1034 3536 aeque
