2378 3856
116 176 180 241 elo
316 177 348 236 L.
371 176 516 237 ANltlrEl
539 174 714 237 SENECAE
729 178 831 240 utut.
845 178 883 241 x.

117 334 186 392 dum
201 338 232 390 at
245 332 334 390 altius
350 330 389 388 de
404 336 433 388 te
447 328 644 403 promiseras.
665 329 735 389 Non·
748 330 877 391 deerunt
891 337 922 391 et
936 330 1093 408 irugallts-

117 416 156 475 tis
177 421 304 474 exactae
325 411 465 472 homines
487 419 516 471 et
530 412 705 474 laboriosae
717 422 842 489 operae.
874 418 961 477 tauto
973 418 1092 493 aptiora

117 497 317 574 exportandis
343 495 487 556 oneribus
511 496 599 556 tarda
622 497 756 558 iumenta
776 504 848 558 sunt
862 500 1092 575 quamnobilea

117 583 197 657 equi,
214 596 343 657 quorum
354 590 535 655 generosam
548 580 756 656 pernicitatem·
766 582 836 656 quis
847 592 995 659 umquam
1005 584 1090 659 grad

88 667 238 725 osureina
254 665 386 738 pressitl
408 662 511 739 cogita
527 670 699 738 praeterea,
714 670 862 738 quantum·
874 666 1090 728 sollicitudinis

117 748 157 809 sit
178 750 215 809 ad
237 756 349 808 tantam
364 756 394 808 te
408 750 518 808 molem
533 748 671 807 obicere:
687 764 755 808 oum
769 749 875 808 ventre
889 748 944 810 tibi
957 750 1089 810 bumarlo

116 834 270 908 negotium
286 839 343 893 est
371 842 428 890 neo
442 832 591 891 rationem
607 832 718 906 patitur
731 846 790 892 neo
806 833 960 907 aequitate
974 834 1088 908 mitiga·

116 925 164 977 tur
179 930 236 975 noo
250 916 311 975 ullu
326 928 418 990 prere
429 913 559 974 flectitur
571 917 705 989 populus
717 917 867 976 esuriens.
889 915 986 978 ldodo
997 917 1088 978 modo

116 1002 193 1059 intra
214 1012 332 1072 paucos
346 998 416 1057 illos
430 998 512 1069 dies,
539 998 650 1072 quibus
667 999 698 1058 c.
715 994 829 1059 caesar
843 999 950 1075 periit,
979 1002 1087 1077 siquis

115 1082 220 1142 interis
237 1096 349 1141 sensus
364 1089 426 1153 est,
448 1080 506 1141 boo
520 1080 702 1156 gravissime
719 1084 837 1155 terens,
854 1084 941 1158 quod
957 1084 1085 1145 deoede·

115 1167 168 1226 bat
193 1168 309 1241 populo
331 1166 470 1225 Romano
496 1166 675 1240 superstite,
702 1174 820 1240 septem
846 1173 898 1226 aut
919 1174 992 1227 uoto
1010 1174 1088 1227 certe

116 1251 236 1310 dierum·
249 1250 364 1310 cibaria
379 1255 568 1324 superesset
581 1249 653 1308 dum
667 1249 718 1310 ille
730 1258 840 1323 pontes
851 1248 985 1311 navibus
997 1251 1088 1327 iungit

116 1341 146 1394 et
160 1334 277 1394 viribus
292 1334 400 1409 imperi
415 1333 504 1407 ludit,
519 1333 625 1393 aderat
638 1334 773 1393 ultimum
788 1335 938 1393 mulorum
950 1334 1087 1395 obsessis

117 1432 257 1494 quoquo,
275 1418 484 1477 alimentorum
501 1420 633 1491 egestas.
655 1417 747 1477 exitio
763 1430 861 1492 paene
876 1432 914 1477 ae
924 1417 1009 1478 lame
1020 1430 1086 1478 eorl

116 1502 190 1562 stitit
210 1509 252 1575 et,
280 1510 360 1575 ottae
375 1501 485 1559 lbnrem
499 1500 651 1574 sequitur,
677 1514 779 1559 rerum
794 1501 929 1560 omnium
942 1502 1035 1562 ruina
1047 1502 1087 1563 lu

88 1585 190 1645 driusi
205 1591 236 1643 et
250 1585 367 1642 externi
382 1591 412 1643 et
427 1584 584 1643 infeliciter
599 1585 722 1658 superbi
737 1585 819 1659 regis
835 1584 975 1645 notatio.
998 1585 1086 1661 Quen

116 1678 188 1729 tune
213 1668 346 1727 animum
372 1666 545 1727 babuerunt
570 1666 626 1738 illi,
653 1667 765 1741 quibus
785 1675 851 1727 er'at
867 1670 1016 1729 mandata
1031 1671 1086 1729 iru-

116 1752 208 1811 menti
223 1750 337 1826 publici
352 1756 447 1809 eura?
461 1766 546 1822 saxu,
563 1751 684 1823 serrum,
700 1750 796 1825 ignes,
813 1751 918 1812 calum
931 1752 1087 1828 exeeptlui

117 1850 235 1895 summa
252 1833 495 1894 dissimulatione
515 1842 629 1893 tantum
651 1836 727 1893 inter
745 1836 867 1895 viscera
881 1836 1005 1896 latentis
1020 1834 1086 1895 meli

116 1918 273 1992 tegebant,
290 1932 358 1976 oum
373 1917 491 1977 ratione·
505 1916 630 1976 scilieet.
662 1919 812 1992 quaedam
827 1918 909 1978 enim
923 1918 1087 1994 ignoranti·

115 2001 175 2060 bus
190 2000 293 2074 aegris
307 2001 443 2059 curanda
457 2008 542 2060 suut=
558 2016 654 2060 eausa
667 2002 771 2062 multis
783 2002 934 2063 moriendi
946 2002 1005 2065 luit
1015 2014 1088 2065 mor-

114 2085 186 2145 bum
201 2098 291 2144 suum
305 2096 409 2144 nosse.

91 2181 102 2230 1
176 2168 253 2228 xlx.
276 2168 393 2243 Recipe
405 2176 435 2229 te
451 2169 490 2228 ad
505 2168 582 2228 bueo
596 2168 814 2243 tranquilliora
830 2168 952 2243 tutiora,
965 2170 1087 2231 maidrd.

117 2252 221 2313 Simile
240 2260 272 2312 tu
294 2260 484 2326 putaueras,
510 2260 610 2313 utrum
628 2266 733 2323 eures,
758 2260 792 2313 ut
805 2253 1017 2329 incorruptum
1032 2256 1089 2314 etr

116 2337 224 2396 fraude
239 2336 455 2397 advehentium
469 2343 499 2395 et
510 2351 528 2395 a
540 2336 731 2411 neglegentia
742 2336 925 2397 trunrentrun
937 2338 1088 2399 uansb'rn

116 2421 205 2479 datur
220 2421 248 2479 in
264 2420 390 2493 horrea,
410 2424 453 2479 lle·
463 2428 615 2495 concepto
628 2419 758 2480 liumore
770 2420 892 2481 iitietur
905 2428 937 2481 el
951 2420 1088 2482 ooneuld

117 2510 191 2573 seat,
207 2511 240 2562 ut
254 2504 294 2562 ad
307 2510 481 2563 mensurant
499 2504 684 2578 pondusque
698 2504 895 2578 respondeat,
911 2520 951 2564 an
962 2504 1089 2565 adhaec·

117 2600 205 2644 saera
220 2592 250 2644 ot
265 2586 406 2645 sublimia
420 2586 553 2645 decedas
568 2587 716 2659 sciturum
736 2600 816 2661 quae
832 2588 961 2673 materia
975 2588 1018 2649 sit
1031 2586 1089 2659 dis,-

117 2682 197 2740 quae
215 2669 366 2740 voluptas,
384 2684 462 2743 quae
476 2669 626 2741 eondioio,
644 2678 723 2744 quae
738 2670 856 2730 lormui
870 2671 941 2745 quis
957 2672 1089 2733 trimatu

115 2759 200 2810 tuum
222 2764 314 2809 oasus
329 2757 503 2826 exspectet,
524 2751 576 2811 ubi
592 2768 649 2812 nos
664 2760 694 2813 et
708 2762 728 2812 a·
741 2752 927 2829 torporibus·
942 2754 1090 2815 dimissos

116 2842 223 2895 natura
239 2841 414 2909 conponatr
441 2835 514 2910 quid
529 2835 569 2896 sit
583 2837 667 2912 qdod
681 2835 774 2896 nulus
786 2837 893 2897 mundi
906 2838 1090 2912 gravlss‘inld

117 2932 259 2994 quaeque
279 2919 309 2978 in
331 2920 431 2979 medio
453 2918 615 2995 sustineat,
642 2923 738 2994 supra
755 2922 834 2980 levia
849 2922 1038 2997 suspendat,
1059 2920 1098 2979 itl-

116 3016 267 3063 summum
282 3002 383 3076 ignem
397 3005 488 3077 ierat,
505 3004 606 3064 sidera
621 3002 742 3064 risibus
755 3005 820 3064 suis
835 3005 969 3065 exeitdtt
989 3006 1091 3067 edidi&

83 3096 101 3146 2
116 3086 264 3159 deinceps
286 3086 458 3160 ingentibus
480 3089 572 3162 plena
584 3087 746 3147 mir'aoulls.
777 3086 833 3146 Vis
851 3088 883 3148 tn
897 3089 1006 3149 reltoto
1021 3082 1090 3151 s'dlo

116 3174 216 3226 mente
230 3168 269 3227 ad
285 3169 343 3230 ista
357 3171 536 3243 respiceret
551 3186 641 3242 nuno,
657 3170 729 3229 dum
742 3170 820 3230 ealet
832 3172 969 3246 sanguis,
985 3172 1090 3248 vigeti-

115 3252 196 3311 tibus
211 3252 250 3310 ad
264 3252 392 3311 meliora
405 3252 538 3311 eunduu'r
553 3260 608 3312 est.
631 3253 800 3328 Exspectat
814 3260 844 3314 te
859 3256 889 3313 in
905 3254 967 3316 bue
976 3258 1091 3331 gemere

117 3335 195 3394 vitae
209 3334 335 3394 multum
347 3334 498 3393 bonarum
513 3335 630 3408 artium,
646 3352 732 3397 amor
742 3338 886 3398 virtulum
896 3340 990 3413 attide
1002 3340 1090 3407 libus,

116 3418 314 3492 cupiditatum
337 3416 466 3490 oblivio,
490 3416 614 3478 vivendi
636 3435 673 3479 ue
687 3420 836 3481 moriendi
855 3420 1003 3494 seientltl,
1030 3422 1090 3481 altu
