2378 3854
112 174 176 256 ιιι
312 192 346 250 ι.
363 190 510 250 annam
532 190 708 251 sennenn
728 190 880 253 utmx.

111 344 160 405 vls
182 345 222 404 ab
239 342 378 404 omnibus
392 340 593 413 recesserint,
616 339 748 417 sibiipsi
764 340 885 401 molesti
900 348 994 402 sunt:-
1010 358 1086 419 qno·

113 444 180 490 rum
194 443 255 488 non
271 424 443 486 otiosavlta
455 423 586 484 dicenda
596 431 658 496 est,
675 424 732 483 sed
742 422 901 485 desidiosa
912 424 1087 501 occupatio

112 512 197 573 Illum
207 517 240 570 tu
251 507 382 569 otiosum
392 522 487 567 vocas
500 507 552 582 qui
568 505 781 580 corinth-ia,
799 522 971 603 paucorum
984 510 1088 570 lurore

113 593 264 671 p,rettosa
286 592 378 652 anxia
395 588 558 652 subtilitate
572 591 735 651 concinnat
747 596 782 649 ct
798 591 947 652 maiorem
965 592 1085 653 dierum

14 690 24 699 “
113 684 230 754 partem
247 674 278 736 in
295 673 488 750 aeruginosis
503 672 631 734 lamellis
647 674 819 735 consumitt
840 672 894 750 qui
914 670 952 735 ιιι
977 688 1086 737 cero·

113 768 213 822 mate
227 768 325 835 (nam,
353 773 411 834 pro
430 757 576 831 lacinus,
588 773 627 818 ne
640 756 787 818 Romanis
801 758 926 833 quidem
940 757 1086 823 vitiisie-

113 847 273 915 boranrus)
295 848 428 903 sectator
447 855 612 915 puerorum
633 840 795 901 rixantium
811 842 932 925 sedete·
948 843 1002 927 qut
1022 842 1086 903 vln-

114 936 231 990 ctoram
245 940 370 987 suorum
384 938 494 999 greges
508 922 540 983 in
555 925 697 985 seudum
712 931 742 985 et
752 925 889 985 colorum
899 924 989 1007 pariit
998 926 1086 987 dida-

84 1012 175 1076 sciti
196 1011 247 1085 qui
263 1008 392 1068 athletas
406 1005 593 1067 novissimos
608 1005 730 1085 pascite
760 1007 860 1082 Qnidt
880 1008 952 1070 illos
965 1010 1087 1071 otiosm

112 1108 222 1166 vocas,
252 1091 364 1167 quibus
392 1091 493 1165 apud
518 1096 717 1151 tonsorem
739 1092 849 1153 multae
871 1090 972 1152 borae·
988 1101 1084 1177 trane

112 1178 283 1249 mittuntur,
305 1175 377 1235 dum
397 1174 584 1250 decerpitur,
607 1175 634 1234 si
655 1174 730 1253 quid
751 1175 894 1271 proxima
909 1168 1005 1237 nocte
1019 1170 1085 1239 snc-

114 1261 222 1334 crevit,
237 1261 309 1321 dum
324 1259 363 1318 dc
375 1258 502 1333 singulis
515 1256 653 1333 capillis
645 1256 939 1332 inconsllinnaiter,¹
951 1260 1087 1323 damant

114 1345 243 1405 disiecta
257 1358 345 1419 coma
359 1341 525 1402 restituitur
539 1347 591 1402 ant
605 1332 751 1402 deficiens
765 1340 837 1401 hino
850 1349 945 1438 atque
958 1342 1043 1405 illinc
1056 1343 1085 1405 ln

114 1430 244 1489 montem
256 1414 457 1502 conpetitore
477 1412 633 1503 quomodo
645 1414 824 1497 irascuntur,
839 1425 1086 1503 eitonsorpaolo

113 1510 323 1585 neglegentior
342 1509 410 1582 luit,
440 1516 595 1584 tamquam
616 1508 713 1569 virum
736 1509 901 1569 tonderent
929 1510 1086 1587 quomodo

114 1593 356 1665 excandescunt,
377 1591 494 1666 siquid
514 1608 555 1652 ex
573 1592 869 1654 iubasuedccisntu
885 1600 948 1667 est,
970 1594 1000 1655 sl
1014 1594 1085 1671 quid

114 1683 200 1736 extra
219 1675 356 1736 ordinem
377 1673 485 1749 iacuit,
509 1675 569 1736 nisi
590 1666 693 1736 omnia
707 1676 737 1736 in
752 1676 862 1737 anulos
875 1691 952 1738 euos
967 1677 1086 1739 recide·

113 1762 203 1822 runtt
223 1759 292 1834 quis
315 1764 362 1818 est
382 1758 510 1818 istorum
525 1760 577 1856 qni
592 1774 653 1819 non
668 1760 751 1820 malit
763 1759 984 1834 rempublicam
999 1776 1086 1823 suam

113 1844 226 1903 turbari
243 1858 333 1917 quam
345 1848 487 1903 comamt
508 1843 560 1918 qui
573 1858 633 1902 non
646 1844 803 1923 sollicitior
814 1843 854 1903 sit
864 1843 905 1904 de
914 1842 1027 1920 capitis
1039 1844 1086 1907 sui

114 1926 226 1985 decore
249 1941 339 2000 quam
362 1925 401 1985 de
421 1925 540 1986 salutet
571 1927 703 2000 quinon
731 1927 883 2002 comptior
907 1942 981 1988 csse
1005 1928 1087 1989 malit

115 2007 394 2085 quamhoncstiort
411 2007 470 2069 hos
482 2015 514 2069 ιιι
526 2008 644 2070 otiosos
659 2025 753 2071 vocas
764 2010 842 2071 inter
852 2006 1086 2089 pectinemsp'e·

84 2094 277 2168 acutumque
298 2098 490 2167 occupatost
523 2092 602 2167 Quid
622 2092 686 2153 illit
711 2098 786 2170 [qui]
807 2095 837 2154 in
859 2095 1086 2177 conponendis,

114 2177 290 2251 audiendis,
313 2175 453 2237 dicendis
468 2176 636 2237 canticis
652 2178 769 2252 operati
781 2185 865 2249 sunt,
882 2178 1085 2253 dumvocern,

115 2278 201 2323 cutus
212 2270 327 2323 rectum
338 2276 461 2322 cursum
471 2267 579 2322 natura
590 2268 620 2322 et
630 2262 776 2336 optimum
787 2269 818 2322 et
827 2258 1086 2337 simplicissimum

115 2347 199 2417 tecit,
215 2345 330 2406 inflexu
341 2345 556 2407 modulationis
568 2344 771 2406 inertissimae
780 2353 940 2420 torquent,
953 2362 1086 2423 quemn

114 2427 199 2503 digiti
222 2428 346 2504 aliquod
368 2429 446 2489 intro
467 2444 503 2489 se
517 2444 637 2489 cannen
653 2429 812 2490 metientes
826 2444 952 2505 semper
965 2436 1085 2503 sonant,

115 2527 260 2584 quorum,
283 2527 350 2571 cum
371 2512 411 2571 ad
428 2528 480 2571 res
495 2513 607 2585 serias,
629 2513 719 2573 etiam
734 2528 830 2588 saepe
842 2513 948 2575 tristes
961 2512 1086 2577 adntbttl

114 2600 199 2665 sunt,
223 2592 385 2653 exauditur
399 2594 490 2654 tacita
509 2595 691 2655 modulatior
714 2612 775 2656 non
790 2597 904 2657 babent
916 2596 969 2659 isti
982 2598 1085 2683 ιιιιιιιιι,

85 2674 195 2738 ised
187 2690 269 2735 mers
285 2676 450 2749 negotium.
487 2677 675 2737 convivia
693 2679 885 2741 mehercules
900 2681 1012 2743 horum
1025 2674 1085 2743 non

114 2758 270 2835 posuerim
294 2758 371 2819 inter
392 2760 531 2821 vacantia
552 2767 705 2847 tempora,
738 2778 806 2823 cum
827 2762 965 2839 videam,
994 2780 1085 2841 quam

114 2842 236 2906 solliciti
255 2852 413 2920 argentum
435 2842 584 2907 ordinent.
614 2860 705 2922 quam
724 2846 885 2921 diligenter
896 2848 1085 2911 exoletorum

115 2944 240 2991 suorum
250 2929 370 2992 tunicas
382 2930 570 3007 succingant
584 2946 684 3007 quam
694 2946 838 3005 suspensi
847 2932 915 3005 smt,
928 2932 1085 3008 quomodo

114 3029 229 3107 apere
250 3031 326 3076 coco
347 3023 451 3090 exeat,
474 3032 551 3091 qua
547 3008 709 3077 celeritate
729 3013 818 3090 signo
841 3016 913 3076 dato
934 3016 1033 3091 glabri
1041 3015 1087 3077 ad

113 3094 280 3155 ministeria
305 3099 494 3172 discurrant,
523 3105 639 3173 quanta
660 3108 728 3160 arte
748 3099 925 3160 scindantur
951 3114 1028 3161 aves
1055 3100 1085 3161 ln

114 3177 285 3236 frustanea
301 3180 452 3252 enormia,
469 3196 559 3255 quam
574 3182 696 3240 curiose
705 3181 843 3245 infelices
855 3183 974 3257 pueruli
986 3184 1086 3245 ebrio

113 3275 179 3321 rum
191 3266 282 3335 sputa
293 3259 484 3335 detergeant
506 3278 546 3321 ex
556 3262 605 3322 ins
617 3265 786 3338 elegantiae
797 3265 995 3343 laetitiaeque
1005 3269 1084 3329 ianm

115 3352 253 3420 captatur
272 3349 302 3403 et
322 3359 421 3419 nsque
442 3358 481 3402 eo
501 3341 531 3403 in
554 3360 662 3405 omnes
678 3347 920 3411 vitaeseccseus
934 3354 1084 3413 melaena

114 3427 184 3490 illos
203 3433 386 3506 sequuntur,
409 3433 443 3486 ιιι
459 3440 516 3487 nec
531 3426 675 3490 bibant
650 3447 717 3492 stne
732 3432 895 3494 ambitione
909 3449 968 3495 nec
982 3436 1083 3497 edant.
