2378 3856
294 111 344 172 DE
367 110 586 171 CLEMENTIA
607 111 678 170 LIB.
690 111 713 170 1.
739 119 869 174 14—17.
1003 107 1065 174 291
1133 120 1141 133 ⁸

88 263 175 322 bavit
199 260 359 336 gratuitam
384 275 455 320 esse
480 261 671 322 severitatem
698 265 800 335 suam,
831 262 914 335 quod
935 261 1066 338 principi
1160 313 1164 316 .

89 359 215 420 semper
236 344 402 403 curandum
424 350 484 416 est,
506 343 582 404 dixit
594 345 791 420 relegandum
810 362 871 420 quo
887 346 965 420 patri
979 344 1065 406 vide·

88 434 183 488 retur.
218 427 284 487 Nou
305 428 441 500 culeum,
465 443 525 488 non
549 435 724 502 serpentes,
753 444 814 488 non
837 443 990 488 carcerem
1012 427 1094 491 dei

89 510 187 572 crevit
207 525 322 569 memor
343 526 403 569 uon
428 509 466 569 de
483 527 544 585 quo
567 517 720 584 censeret,
746 510 801 571 sed
818 511 866 571 cui
889 512 918 570 in
935 510 1063 573 consilio

88 601 185 654 esset.
207 593 386 653 mollissimo
407 609 520 667 genere
537 609 657 668 poenae
671 601 845 655 contentum
862 609 935 655 esse
951 594 1064 655 debere

87 685 206 751 patrem
218 676 294 737 dixit
308 678 336 735 in
353 674 415 737 lilio
432 677 672 750 adulescentulo,
685 678 808 753 inpulso
823 679 853 736 in
865 677 896 736 id
907 677 1018 752 scelus,
1032 678 1062 737 in

89 776 153 836 quo
166 776 210 833 se,
227 761 308 834 quod
322 761 494 834 proximum
506 769 571 821 erut
582 760 621 820 ab
634 762 821 835 innocentia,
833 761 936 821 timide
948 761 1064 835 gessis-

89 851 147 903 set.
169 843 281 902 debere
293 843 375 902 ilium
390 842 428 902 ab
443 843 519 902 urbe
536 849 566 903 el
582 861 600 904 a
615 845 750 920 parentis
767 844 865 905 oculis
877 843 1063 904 submoveri.

153 925 230 984 XVI.
253 924 412 1001 Odignum
426 942 516 1001 quem
531 926 560 986 in
574 926 734 989 consilium
746 936 849 1003 patres
862 929 1062 989 advocarent!
1076 943 1090 994 1

90 1009 250 1083 odignum
272 1025 363 1083 quem
383 1010 568 1070 coheredem
587 1012 799 1072 innocentibus
821 1010 925 1071 liberis
949 1011 1063 1072 scribe·

88 1099 173 1151 rent!
208 1093 292 1152 Haec
314 1093 472 1152 clementia
493 1095 662 1169 principem
683 1095 786 1167 decet,
814 1101 847 1153 ut
868 1110 1063 1170 quocumque

88 1173 221 1248 venerit,
241 1177 446 1236 mansuetiora
467 1178 569 1236 omnia
590 1178 690 1236 iaciat.
726 1177 821 1235 Nemo
837 1177 903 1250 regi
918 1184 979 1236 tam
993 1176 1062 1238 vilis

88 1259 143 1330 sit,
166 1267 200 1318 ut
220 1257 302 1319 illum
323 1259 423 1333 perire
443 1275 503 1318 nou
525 1260 649 1333 sentiat,
671 1258 905 1334 qualiscumque
921 1275 992 1334 pars
1006 1259 1062 1319 im·

88 1339 168 1416 perii
188 1349 243 1402 est.
277 1342 309 1400 ln
334 1359 443 1416 magna
464 1342 590 1418 imperia
612 1359 649 1402 ex
670 1343 837 1402 minoribus
853 1350 993 1416 petamus
1009 1347 1089 1410 lex-2

88 1426 231 1500 crupium.
259 1442 319 1484 uon
342 1434 390 1486 est
411 1442 503 1486 unum
518 1426 687 1502 imperandi
704 1441 816 1500 genus=
837 1425 1064 1502 imperatorin·

88 1525 164 1583 ceps
181 1507 299 1569 civibus
315 1510 397 1581 suis,
417 1518 503 1583 pater
519 1510 638 1583 liberis,
662 1516 846 1584 praeceptor
862 1509 1060 1584 discentibus,

88 1591 227 1652 tribunus
249 1594 296 1652 vel
318 1593 455 1652 centurio
477 1593 630 1653 militibus.
668 1593 775 1652 Nonne
797 1593 952 1666 pessimus
975 1600 1062 1667 pater

90 1674 247 1748 uidebitur,
270 1676 322 1749 qui
339 1675 477 1735 adsiduis
493 1676 592 1750 plagis
607 1676 720 1736 liberos
737 1674 825 1734 etiam
840 1692 879 1734 ex
894 1674 1059 1736 levissimis

91 1759 192 1818 causis
208 1764 398 1832 conpeseett
417 1758 491 1819 Uter
502 1765 600 1819 autem
615 1766 798 1833 praeceptor
811 1759 985 1820 liberalibus
998 1765 1088 1820 stu-3

89 1842 148 1901 diis
171 1842 304 1915 dignior,
334 1843 386 1915 qui
406 1842 635 1902 excarnificabit
656 1842 840 1917 discipulos,
868 1842 894 1902 si
916 1843 1061 1903 memoria

88 1923 148 1984 illis
169 1941 230 1985 nou
248 1925 415 1986 constiterit
429 1931 481 1984 aut
494 1926 521 1984 si
537 1943 643 2000 parum
659 1927 745 2000 agilis
760 1927 789 1986 in
806 1926 936 2000 legendo
952 1927 1059 1986 oculus

88 2007 235 2081 haeserit,
263 2025 301 2068 au
323 2008 374 2083 qui
394 2007 612 2069 monitionibus
633 2019 662 2069 et
686 2008 871 2068 verecundia
897 2008 1059 2067 emendare

89 2107 125 2150 ac
142 2092 253 2150 docere
268 2093 370 2151 malit?
399 2091 562 2152 Tribunum
578 2091 848 2166 centurionemque
863 2091 902 2150 da
916 2105 1058 2151 saevum:

90 2175 264 2235 desertores
280 2175 382 2245 faciet,
403 2176 513 2250 quibus
526 2183 625 2236 tamen
637 2175 813 2250 ignoscitur.
835 2174 1087 2249 Numquidnamt

88 2274 219 2334 aequum
235 2266 283 2318 est
296 2259 420 2332 gravius
436 2258 549 2319 homiui
565 2266 595 2319 et
609 2258 713 2318 durius
728 2258 884 2333 imperari,
903 2274 993 2333 quam
1004 2258 1057 2317 im-

88 2349 212 2416 peratur
226 2340 406 2402 animalibus
422 2343 533 2402 mutist
554 2341 639 2417 atqui
654 2358 765 2418 equum
781 2357 842 2400 non
859 2341 974 2402 crebris
989 2358 1056 2403 ver-

87 2426 210 2486 beribus
226 2431 358 2484 exterret
373 2425 515 2486 domandi
529 2428 645 2500 peritus
660 2426 811 2501 magister.
835 2425 888 2484 fiet
901 2425 980 2484 enim
997 2426 1056 2486 ior-

87 2507 258 2569 midolosus
280 2515 310 2567 et
330 2517 507 2583 contumax,
530 2510 587 2569 nisi
609 2526 676 2569 enm
697 2508 871 2569 blandiente
891 2516 971 2570 tactu
988 2524 1056 2584 per·

88 2593 238 2653 mulseris.
272 2591 355 2651 Idem
383 2593 454 2652 lacit
478 2600 622 2666 venator,
652 2593 765 2669 quique
789 2592 916 2654 instituit
941 2593 1084 2653 catuloso

88 2675 215 2748 vestigia
236 2676 337 2749 sequi,
361 2674 476 2749 quique
495 2677 553 2735 iam
570 2677 742 2736 exercitatis
758 2677 850 2735 utitur
866 2676 904 2734 ad
921 2673 1055 2733 excitan-

87 2758 144 2817 das
169 2760 218 2818 vel
242 2757 476 2833 persequendas
500 2758 591 2817 ieras.
624 2773 681 2817 nec
705 2757 811 2816 crebro
832 2754 890 2815 iilis
910 2757 1055 2815 minaturz

86 2842 253 2901 contundet
267 2841 345 2900 enim
360 2839 478 2900 animos
493 2848 522 2900 et
536 2840 679 2914 quicquid
691 2846 739 2898 est
747 2838 858 2898 indolis
871 2838 1055 2899 comminue·

84 2932 134 2985 tur
152 2925 354 2999 trepidatione
375 2923 534 2999 degeneri,
557 2938 614 2982 nec
635 2922 785 2982 licentiam
805 2920 937 2995 vagandi
952 2937 1053 2985 erran-

85 3008 179 3082 dique
195 3008 311 3082 passim
328 3008 475 3068 concedit
511 3006 636 3066 Adicias
647 3005 696 3065 bis
706 3005 777 3066 lieet
785 3004 918 3064 tardiora
930 3011 1055 3079 agentes

83 3091 227 3152 iumenta.
256 3107 335 3166 quae
350 3107 418 3151 cum
433 3090 472 3152 ad
488 3089 686 3152 contumelias
702 3095 762 3150 ctn
822 3087 883 3149 rias
899 3096 969 3148 nata
984 3085 1053 3159 sint,
1093 3123 1120 3177 b

85 3175 177 3234 nimia
191 3172 319 3236 saevitia
333 3181 481 3249 cogantur
495 3173 599 3250 iugum
613 3173 714 3236 detrec
778 3192 792 3231 r.

147 3256 610 3321 xv11.uuttumanrma1m0n
769 3266 814 3320 .·r
898 3252 1081 3315 umaiorel

83 3350 148 3400 arte
168 3341 357 3401 tractandum
381 3355 471 3417 quam
497 3339 599 3403 homo.
676 3358 711 3419 ur.
