2378 3856
145 234 199 292 Ab
221 231 405 292 Mnnclnltl
426 231 477 291 DE
500 229 800 290 CONSOLATIONE.
822 240 942 292 20—22.
976 230 1036 295 133

59 386 145 444 cuius
168 391 445 459 quantumcumque
466 381 556 440 luerit
575 381 809 455 incrementum,
830 397 889 440 non
911 386 1037 443 multum

58 467 156 527 aberit
170 464 316 526 anibilol
337 481 398 525 uno
420 463 513 524 modo
528 464 653 523 mullum
674 469 722 522 est
743 464 827 538 quod
847 464 987 540 vivimus,
1008 467 1036 527 si

58 551 133 611 satis
150 558 205 609 est.
238 550 323 609 Licet
336 547 408 608 mihi
423 550 547 608 vivaces
562 553 592 608 et
606 548 635 606 in
651 547 826 607 memoriam
843 548 970 609 traditae
986 556 1066 610 se-it

58 632 189 694 nectutis
199 633 280 692 viros
289 632 436 705 nomines,
452 638 598 691 centenos
610 632 772 705 denosque
783 647 968 705 percenseas
981 650 1033 693 an·

57 734 132 778 nos=
155 731 224 776 cum
243 717 283 776 ad
299 731 389 776 omne
403 722 524 789 tempus
540 713 692 787 dimiseris
712 714 864 786 animum
877 715 959 775 nulla
980 717 1036 776 erit

57 802 109 859 illa
122 799 295 860 brevissimi
314 797 549 873 longissimique
563 797 631 857 aevi
646 797 825 870 differentia,
846 797 874 856 si
894 799 1034 874 inspecto

59 891 174 958 quanto
198 881 266 957 quis
282 881 392 943 vixerit
411 881 521 957 spatio,
544 882 760 956 conparaveris
782 889 894 956 quanto
916 899 977 942 non
991 884 1035 943 vi-

57 966 144 1026 xerit.
167 966 284 1028 Deinde
299 965 326 1026 si
340 967 507 1026 inmaturus
523 966 657 1042 [decessit
669 967 727 1039 tiit,
743 972 821 1026 certe
830 965 897 1038 sato
911 983 970 1026 non
983 970 1034 1027 in-
1048 968 1066 1020 4

56 1056 202 1122 moturos]
218 1049 365 1111 decessit:
385 1050 460 1109 vixit
480 1050 559 1110 enim
575 1058 721 1124 quantum
735 1048 840 1109 debuit
854 1050 966 1109 vivere.
989 1051 1033 1109 ni·

56 1134 98 1193 hil
113 1133 154 1193 illi
166 1134 226 1193 iam
240 1135 317 1194 ultra
337 1140 507 1209 supererat.
534 1133 602 1192 Non
619 1149 680 1192 una
696 1132 870 1192 hominibus
891 1141 1033 1193 senectus

58 1225 113 1291 est,
127 1226 210 1277 utne
225 1217 405 1277 animalibus
427 1217 565 1291 qudem:
589 1219 667 1274 intra
688 1215 919 1288 quatuordecim
941 1231 1033 1290 quae·

32 1302 128 1359 ·dam
143 1317 240 1361 annos
256 1299 442 1374 defatigarit,
464 1299 584 1358 ethaeo
606 1298 664 1356 illis
686 1297 865 1370 longissima
887 1304 1035 1358 aetas.est

58 1383 262 1459 quaebomini
278 1383 385 1458 prima.
419 1381 525 1456 dispar
545 1381 657 1454 cuique
678 1380 799 1438 vivendi
815 1381 943 1440 facultas
964 1382 1034 1440 data

57 1474 114 1526 est.
137 1481 226 1526 nemo
242 1465 331 1525 nimis
348 1464 407 1526 cito
421 1465 557 1535 moritur,
581 1462 653 1538 quia
666 1463 800 1524 victurus
816 1463 927 1523 diutius
943 1481 1034 1538 quam

58 1551 134 1608 vixit
148 1565 209 1609 non
229 1549 292 1609 tuit.
321 1547 416 1608 Fixus
433 1556 480 1607 est
500 1548 612 1622 cuique
625 1545 785 1606 terminus:
806 1547 940 1617 manebit
955 1551 1066 1607 sem-5

59 1649 114 1708 per
130 1632 183 1692 ubi
197 1631 317 1707 positus
333 1638 389 1691 est.
419 1646 475 1690 nec
494 1632 576 1690 illurn
590 1630 716 1689 ulterius
731 1630 887 1704 diligentia
901 1638 953 1691 aut
966 1648 1033 1706 gra·

57 1715 99 1776 tia
111 1715 313 1790 promovebit
337 1717 382 1775 sic
392 1715 480 1790 habe,
496 1717 541 1775 nil
554 1714 636 1774 illum
647 1729 686 1772 ex
701 1715 829 1774 consilio
842 1715 1032 1788 perdidisse:

58 1799 224 1860 tulitsuum

283 1892 429 1959 metasque
446 1883 510 1943 doti
519 1884 654 1959 pervent
668 1882 712 1941 cd
723 1885 797 1942 oevi.

121 1967 190 2027 Non
203 1976 251 2028 est
264 1967 367 2042 itaque
380 1968 464 2042 quod
478 1968 523 2026 sic
537 1974 567 2025 te
585 1981 710 2025 oneres:
734 1965 852 2040 „potuit
864 1965 975 2025 diutius
991 1965 1032 2023 vi·
1050 1974 1067 2027 6

59 2055 161 2108 vere.“
181 2051 248 2110 Non
265 2059 312 2109 est
325 2052 493 2124 interrupta
508 2049 575 2110 eius
590 2049 651 2107 vita
666 2064 723 2107 nec
737 2058 882 2124 umquam
897 2063 932 2108 se
947 2048 1034 2106 annis

59 2148 152 2192 casus
167 2132 304 2193 intericit.
326 2132 454 2193 solvitur
469 2133 553 2207 quod
567 2133 677 2206 cuique
688 2133 874 2205 promissum
891 2137 947 2190 est.
962 2136 1038 2190 eunt

60 2220 110 2276 via
125 2232 182 2275 sua
192 2217 254 2276 lata
265 2232 321 2275 uec
333 2216 468 2276 adiciunt
478 2216 642 2290 quicquam
653 2230 711 2273 nec
723 2229 761 2273 ex
774 2213 928 2289 promisso
938 2215 1036 2273 semel

59 2299 193 2358 demunt.
233 2300 346 2359 frustra
367 2305 437 2358 vota
462 2316 497 2358 ac
524 2298 625 2358 studia
644 2304 729 2355 sunt:
758 2297 882 2356 habebit
904 2297 1036 2371 quisque

59 2389 206 2456 quantum
227 2382 351 2442 illi'dies
365 2382 481 2456 primus
497 2381 670 2455 adscripsit.
699 2379 805 2439 exilio
821 2396 882 2455 quo
906 2379 1035 2455 primum

60 2467 158 2525 lucem
173 2467 256 2540 vidit,
271 2466 328 2527 iter
339 2466 444 2526 mortis
455 2465 614 2540 ingressus
626 2471 675 2524 est
685 2463 878 2539 accessitque
889 2465 950 2524 lato
963 2479 1033 2537 pro-

58 2550 128 2622 pior
143 2557 172 2609 et
191 2550 232 2609 illi
246 2551 307 2624 ipsi
320 2550 378 2624 qui
387 2547 595 2610 adiciebantur
609 2547 836 2608 adulescentiae
850 2549 935 2619 anni,
952 2547 1032 2607 vitae

59 2632 301 2692 detrahebantur.
324 2634 356 2692 ln
372 2632 432 2693 boc
444 2648 550 2692 omnes
565 2647 668 2692 errore
678 2647 844 2705 versamur,
860 2637 965 2691 utnon
977 2648 1030 2704 pu·
1048 2629 1066 2686 7

58 2723 156 2772 temus
172 2716 209 2774 ad
225 2724 353 2776 mortem
374 2717 433 2776 nisi
446 2723 546 2777 'senes
567 2714 792 2790 inclinatosque
815 2715 874 2773 iarn
896 2729 1033 2788 vergere,

61 2798 204 2856 camillo
230 2798 355 2860 infantia
378 2801 478 2859 statim
502 2808 532 2858 et
555 2801 686 2871 iuventa,
713 2796 812 2857 omnis
838 2805 923 2856 aetas
948 2798 1033 2854 ierat,

58 2882 163 2952 Agunt
177 2896 256 2954 opus
269 2898 359 2941 suum
373 2883 449 2942 fata:
467 2880 556 2941 nobis
571 2896 696 2938 sensum
710 2886 835 2938 nostrae
849 2880 934 2936 necis
950 2878 1034 2936 aule-

57 2969 137 3034 runt‚
161 2978 285 3039 quoque
300 2962 421 3023 facilius
436 2964 595 3037 obrepant,
616 2976 699 3019 mors
715 2960 773 3019 sub
788 2960 857 3032 ipso
878 2961 959 3020 vitae
979 2975 1032 3018 no-

59 3045 140 3105 mine
160 3048 247 3106 latet:
267 3045 412 3105 infantem
432 3046 463 3104 in
485 3060 520 3104 se
538 3042 667 3119 pueritia
688 3043 851 3116 convertit,
874 3042 1033 3118 pueritiam

58 3128 221 3203 pubertas,
247 3129 389 3189 iuvenem
410 3143 505 3188 senex
530 3126 662 3188 abstulit.
695 3126 881 3186 incrementa
900 3128 982 3202 ipsa,
1006 3126 1033 3185 si

58 3213 137 3272 bene
154 3219 314 3288 conpules‚
331 3211 442 3271 damna
457 3221 535 3272 sunt.

121 3296 212 3357 XXII.
228 3296 380 3371 Quereris,
400 3295 523 3368 Marcia,
543 3311 606 3354 non
627 3301 687 3354 tam
705 3293 758 3354 diu
776 3295 871 3354 lilium
893 3302 975 3351 tuum
990 3292 1064 3352 vi-l

59 3379 145 3437 xisse
156 3397 248 3455 quam
259 3376 419 3456 potuisset
437 3379 519 3438 unde
533 3379 612 3438 enim
627 3378 689 3437 scis
704 3394 743 3436 an
759 3377 872 3436 diutius
886 3376 927 3433 illi
939 3388 1033 3447 expe-

62 3462 150 3521 dierit
164 3463 288 3523 viveret
316 3480 354 3522 an
369 3463 411 3522 illi
426 3462 483 3521 bae
499 3469 594 3522 morte
607 3462 778 3520 consultum
795 3459 854 3518 sit?
879 3457 973 3531 Quem
988 3463 1031 3515 in-
