2378 3856
230 218 280 277 DE
294 216 628 291 TRANQUILLITATE
645 216 766 274 A'NlMl.
782 223 868 277 5-7.
972 213 1032 277 181

57 370 159 445 dum,
175 386 249 445 quo
270 370 380 430 tevis
400 370 549 444 ingenii
570 371 680 429 leret.
711 370 863 429 isocrates
877 370 1034 445 Ephorum
1141 414 1150 427 ,

56 454 279 514 iniecta-manu
293 469 312 511 a
325 454 393 513 toro
409 453 556 513 subduxit
566 451 718 513 ,utiliorem
737 452 950 527 conponendis
969 470 1033 513 mo·

56 535 211 598 numentis
229 536 427 597 historiarum
439 544 535 597 ratus.
570 537 649 595 male
668 537 747 595 enim
769 538 960 610 respondent
983 553 1033 598 co·

58 629 128 681 aeta
146 621 282 695 ingenia:
309 622 476 681 reluctante
496 627 605 680 natura
625 620 733 679 inritus
755 619 842 680 labor
863 623 957 696 est†
976 621 1063 684 Nes

57 719 150 765 cesse
170 710 218 763 est
228 719 264 764 se
279 706 380 778 ipsum
395 704 570 777 aestimare,
592 702 663 778 quia
677 704 741 780 lere
756 704 827 776 plus
844 704 933 764 nobis
950 703 1033 764 vide-

56 804 127 848 mur
151 802 246 862 posse
273 803 364 862 quam
390 803 572 862 possumus:
601 786 679 846 alius
705 786 898 860 eloquentiae
921 787 1036 847 fiducia

56 871 242 946 prolabitur,
270 872 349 931 alius
375 868 556 945 patrimonio
581 885 640 930 suo
665 870 736 944 plns
759 871 921 945 imperavit
943 887 1035 945 quarn

58 956 140 1014 terre
155 961 277 1029 posset,
302 955 380 1014 alius
394 953 545 1014 infirmum
559 969 675 1027 corpus
689 953 845 1014 laborioso
861 955 975 1029 pressit
990 955 1032 1014 ol·

58 1039 141 1099 fieio.
173 1039 375 1113 quorumdam
401 1038 640 1112 parumidonea
661 1045 709 1098 est
727 1039 916 1098 verecundia
940 1039 1056 1098 rebus

60 1121 217 1194 civilibus,
234 1138 312 1197 quae
323 1123 454 1195 primam
470 1122 601 1182 frontem
616 1121 801 1181 desiderant.
833 1122 1034 1196 quorumdam

62 1206 253 1266 contumacia
266 1222 327 1266 non
343 1206 416 1265 lacit
429 1206 469 1265 ad
485 1207 594 1266 aulam.
618 1205 742 1278 quidam
757 1220 818 1264 non
833 1204 947 1265 habent
960 1206 1036 1264 iram

60 1290 92 1349 in
115 1296 267 1365 potestate
291 1294 322 1349 et
341 1289 411 1349 illos
432 1289 473 1348 ad
492 1289 653 1348 temeraria
673 1287 772 1346 verbe
783 1289 936 1362 quaelibet
958 1288 1035 1348 indi·

60 1373 164 1448 gratio
195 1372 293 1434 offert
330 1373 454 1448 quidam
481 1372 682 1431 urbanitatem
710 1370 852 1431 nesciunt
879 1371 1036 1431 continere

60 1471 120 1516 neo
145 1456 327 1532 periculosis
347 1455 502 1517 abstinent
522 1454 647 1515 salibus.
690 1453 837 1514 Omnibus
864 1454 913 1514 his
934 1455 1036 1515 utilior

60 1541 185 1614 negotio
202 1540 296 1616 quies
306 1549 366 1600 est:
396 1540 483 1598 lerox
498 1539 713 1614 inpatiensque
726 1544 834 1597 natura
846 1537 1035 1598 inritamenta

60 1625 220 1684 nociturae
235 1624 381 1684 libertatis
396 1623 497 1683 evitet.
519 1621 771 1683 Aestimanda
791 1630 880 1682 sunt
895 1622 1062 1682 deludet

60 1708 164 1789 ipsa,
188 1712 286 1783 quae
307 1706 569 1781 adgredimur,
593 1712 629 1764 et
647 1707 753 1766 vires
774 1713 933 1765 nostrae
955 1717 1045 1766 cum
1141 1724 1151 1740 ·

60 1793 195 1863 rebus,
217 1808 314 1866 quas
333 1790 562 1865 temptaturi
578 1806 725 1860 sumus,
748 1790 1035 1864 conparanda-e.

60 1875 160 1936 Debet
181 1872 262 1934 enim
275 1888 399 1949 semper
410 1875 484 1949 plus
505 1889 577 1934 esse
594 1874 700 1934 virium
719 1873 749 1932 iu
768 1879 873 1933 actore
891 1888 984 1947 quam
1005 1875 1034 1931 ln

61 1974 166 2018 onere.
188 1970 319 2039 necesse
329 1959 563 2038 estopprimant
573 1973 680 2031 onera,
697 1972 776 2031 quae
791 1959 907 2016 tenente
921 1955 1036 2015 maiora

61 2050 143 2103 sunt
172 2042 328 2116 Quaedam
350 2049 510 2116 praeterea
529 2057 590 2102 non
612 2050 673 2101 tarn
693 2056 805 2115 magna
826 2049 898 2101 sunt
913 2038 1062 2113 negotlas

62 2143 156 2203 quam
171 2126 302 2186 leennda
316 2126 711 2200 multumquenegotiorum
721 2126 843 2202 lerunt„
854 2132 883 2183 et
898 2123 976 2183 ha‘ec
988 2136 1035 2179 re-

35 2236 38 2242 ·
61 2210 309 2286 iuglande-sunt,
336 2224 376 2269 ex
398 2209 509 2283 quibus
531 2224 612 2269 nova
632 2209 794 2282 occupatio
816 2204 1037 2279 multiplexque

61 2302 215 2355 nascetur.
240 2293 304 2353 ,nec
320 2291 530 2370 accedendum
545 2307 597 2363 eo,
612 2292 695 2350 unde
709 2290 785 2349 liber
798 2304 959 2362 regressus
974 2303 1036 2346 non

62 2379 117 2439 sita
138 2377 175 2438 iis
197 2375 392 2438 admovenda
408 2391 518 2435 manus
533 2383 594 2447 est,
618 2390 747 2449 quorum
761 2373 854 2432 finem
869 2378 920 2431 aut
935 2372 1036 2429 lacere

61 2470 114 2522 aut
135 2469 218 2522 certe
236 2475 363 2536 sperare
383 2459 498 2534 possis.
528 2458 743 2532 relinquenda,
764 2471 845 2531 quae
860 2456 949 2515 latins
965 2461 1036 2514 autu

60 2545 234 2621 procedunt
247 2560 305 2605 nec
318 2543 370 2604 ubi
385 2541 754 2636 proposuerispesinunt.

124 2628 190 2687 Vll.
223 2627 424 2690 Hominum
455 2626 593 2702 ntique
621 2626 801 2686 delectus
831 2623 1064 2688 habendusl

62 2720 137 2773 est:
163 2727 201 2771 an
224 2710 307 2787 digni
330 2713 391 2772 sint
412 2713 524 2787 quibus
545 2718 662 2785 partem
682 2710 762 2770 vitae
782 2716 906 2769 nostrae
928 2707 1035 2781 inpen-

62 2796 188 2870 demus,
215 2811 253 2853 an
279 2795 319 2854 ad
344 2795 412 2855 illos
434 2796 582 2869 temporis
607 2793 702 2854 nostri
727 2794 842 2852 iactura
867 2791 1036 2865 perveniat.
1089 2761 1098 2871 i

62 2879 188 2956 quidam
209 2879 289 2937 enim
309 2878 388 2939 ultro
411 2877 513 2938 officia
535 2877 626 2936 nobis
646 2882 751 2936 nostra
767 2876 915 2948 inputant.
942 2871 1067 2934 Athe-2
1091 2874 1098 2979 ἱ

61 2965 201 3023 nodorus
222 2962 264 3021 ait
282 2975 353 3032 „ne
372 2961 419 3020 ad
440 2974 599 3020 coenum
614 2959 766 3032 quidem
782 2972 822 3016 se
837 2957 977 3015 iturum
992 2953 1037 3012 ad

62 3062 160 3119 eum,
186 3044 251 3120 qui
273 3043 350 3103 sibi
369 3043 423 3102 nil
444 3059 513 3118 pro
534 3038 824 3102 hocdebituras
841 3039 934 3100 sit“=
961 3043 1036 3112 puto

61 3126 212 3204 intellegis
227 3126 435 3188 multominus
450 3126 491 3186 ad
505 3141 561 3186 eos
576 3127 702 3199 iturum,
719 3125 770 3198 qui
787 3140 854 3185 oum
870 3123 1037 3182 amicorum

63 3214 174 3289 ciliciis
195 3210 282 3288 paria
301 3226 408 3271 mensa
425 3211 553 3284 faciunt,
576 3210 627 3284 qui
649 3210 774 3268 loricula
793 3225 849 3283 pro
872 3204 1036 3281 congiariis
1054 3244 1061 3260 ,

63 3304 237 3369 numerant,
258 3293 347 3372 quasi
362 3295 391 3353 iu
410 3295 540 3355 alienum
554 3294 701 3355 honorem
716 3294 951 3367 intemperantes
968 3290 1036 3348 sint.

63 3382 153 3440 deme
174 3381 233 3442 illis
254 3387 350 3440 testes
366 3386 635 3454 spectatoresque:
657 3393 718 3437 non
743 3374 907 3436 delectabit
921 3372 1037 3447 popina

64 3471 191 3524 secreta.
207 3463 228 3530 ἑ
243 3463 320 3524 Nihil
336 3471 435 3524 tamen
452 3478 551 3539 aeque
567 3461 764 3521 oblectaverit
778 3460 927 3531 animum,
943 3458 1063 3530 quam3

10 3632 240 3820 κ’

213 3762 221 3775 1
