2378 3856
84 213 363 274 contumatiam
375 213 806 302 1001001100111001001
827 214 975 276 vlt-tx.
996 213 1038 276 25

62 383 151 437 suum
167 366 288 426 fortuna
303 364 468 440 consumit,
493 381 594 440 aequo
610 365 795 442 placidoque
809 369 909 429 animo
927 368 1038 445 accipi·

63 465 130 513 mus
145 455 176 508 et
191 447 306 509 scimus
320 455 446 509 mortem
462 450 574 509 matum
588 467 650 510 000
665 466 751 524 0000,
779 451 892 512 011100
908 468 946 512 ne
962 452 1037 513 1010-

63 535 137 595 riam
163 532 302 607 quidem=
327 534 421 593 multo
443 532 561 593 facilius
582 533 857 595 0110101010110100
879 535 990 594 damna
1009 541 1039 594 et

61 618 196 691 dotores,
222 615 411 689 ignominias,
441 617 579 677 locorum
594 618 855 691 commutationes,
884 619 1038 689 orbitates,

61 698 200 777 discidia,
217 714 296 774 quae
310 700 488 774 sapientem,
500 699 590 760 etiam
602 699 629 760 si
639 699 784 761 universa
795 701 1039 773 circumveniant,

59 798 123 843 000
138 790 289 857 mergunt,
304 784 417 843 nedum
431 791 465 843 ut
478 784 517 843 ad
534 783 722 858 singulorum
736 783 879 858 inpulsus
894 791 1038 845 moereat.

60 866 139 927 Etsi
155 867 293 926 fortunae
307 866 432 926 iniurias
447 864 603 927 moderate
618 869 683 941 tert,
705 873 818 942 quanto
833 869 929 942 magis
944 867 1039 928 homi·
1075 893 1078 897 ·

62 967 135 1010 num
151 949 326 1024 potentium,
344 965 423 1025 quos
439 951 496 1010 scit
510 951 650 1011 fortunae
666 966 774 1011 manus
791 957 884 1011 esset

124 1033 174 1092 IX.
208 1032 314 1092 Omnia
328 1033 431 1108 itaque
450 1033 494 1093 sic
509 1033 619 1109 patitur
634 1043 667 1095 ut
681 1033 790 1095 hiemis
806 1035 938 1109 rigorem
953 1040 981 1093 et
996 1033 1039 1093 in·
1056 1051 1069 1102 1

62 1114 590 1192 1010001001100100011,0110100100
606 1118 794 1192 morbosque
812 1123 842 1176 et
852 1124 953 1177 cetera
963 1119 1040 1178 10110

63 1201 245 1274 accidentia,
270 1215 327 1260 nec
348 1201 387 1260 de
410 1217 565 1275 quoquam
586 1209 645 1260 tam
661 1201 739 1260 bene
754 1201 881 1272 iudicat,
910 1208 943 1261 ut
957 1202 1038 1260 iilum

64 1284 229 1359 quicquam
252 1291 337 1358 putet
355 1284 483 1345 consilio
505 1284 632 1355 fecisse,
663 1284 746 1357 quod
766 1283 796 1341 in
818 1299 880 1344 uuo
902 1285 1040 1358 sapiente

63 1375 118 1428 cst.
142 1369 271 1428 aliorum
285 1367 418 1427 omnium
433 1383 495 1426 non
511 1366 649 1440 consilia,
661 1367 718 1426 sed
729 1367 852 1427 fraudes
868 1374 898 1425 et
911 1366 1041 1426 insidiae

63 1460 94 1511 01
108 1458 210 1511 100100
225 1449 394 1509 0010101010
405 1448 551 1509 inconditi
567 1455 645 1522 sunt,
666 1466 744 1524 quos
759 1449 882 1510 casibus
895 1451 1040 1509 adnume-

61 1542 117 1595 rat.
155 1548 256 1606 omne,
271 1541 370 1593 autem
397 1532 550 1593 fortuitum
576 1533 657 1592 circa
678 1549 735 1594 nos
750 1534 847 1604 saevit
862 1540 891 1593 et
911 1533 940 1594 10
961 1533 1040 1593 vitia.

61 1619 141 1677 liiud
162 1632 286 1692 quoque
307 1615 432 1690 cogitat,
457 1615 633 1676 iniuriarum
655 1617 802 1677 latissime
824 1624 928 1692 patere
948 1623 1073 1676 mate-2

61 1703 138 1761 riam
153 1700 221 1774 illis,
238 1715 293 1775 per
308 1716 387 1775 quae
402 1699 568 1775 periculum
582 1699 670 1759 uobis
687 1700 858 1775 quaesitum
874 1707 929 1772 est,
944 1706 977 1762 ut
990 1714 1041 1760 ac-

63 1791 205 1845 cusatore
226 1784 380 1844 submisso
402 1790 453 1843 aut
472 1782 680 1844 criminatione
700 1785 778 1843 iatsa
799 1791 851 1842 aut
870 1783 996 1842 inritatis
1011 1782 1041 1842 iu

59 1883 124 1927 000
144 1866 347 1941 potentiorum
369 1866 517 1940 motibus,
544 1864 1041 1942 000000001010101103010010-

65 1950 283 2011 110010100001.
320 1958 412 2012 00101
437 1949 488 2010 itta
502 1951 611 2013 iniuria
625 1952 787 2026 frequeuS,
809 1950 836 2010 si
857 1953 974 2010 tucrum
989 1949 1041 2009 ali-

66 2033 152 2092 cuius
167 2049 332 2094 excussum
345 2042 392 2094 est
407 2042 459 2095 aut
473 2035 639 2109 praemium
654 2035 706 2094 diu
719 2040 880 2109 captatum,
893 2034 919 2094 si
931 2048 1041 2107 rnnguo

64 2116 168 2175 101010
183 2116 334 2176 adfectata
349 2117 502 2177 hereditas
517 2133 628 2178 aversa
643 2125 690 2177 001
709 2124 739 2177 01
760 2125 966 2191 quaestuosae
987 2116 1040 2174 do·
1111 2193 1112 2197 Ἰ

64 2213 132 2256 1000
148 2199 242 2270 gratia
257 2206 376 2273 ereptor
399 2200 475 2259 haec
491 2199 595 2274 effugit
612 2200 745 2275 sapiens,
761 2200 813 2274 qui
827 2200 926 2259 nescit
940 2213 998 2256 nec
1012 2200 1040 2256 10

63 2296 153 2355 spem
169 2280 270 2339 necin
285 2290 397 2341 metum
415 2284 526 2342 vivere.
562 2283 660 2341 Adice
688 2297 770 2342 0000
796 2283 879 2356 quod
904 2280 1070 2343 1010110013

63 2379 155 2424 00010
177 2363 292 2423 1010010
313 2372 412 2424 010010
428 2365 553 2438 accipit,
579 2365 635 2423 sed
650 2365 690 2424 ad
706 2380 830 2424 sensum
846 2365 912 2423 eius
928 2368 1043 2437 pertur-

63 2449 161 2509 batur.
198 2453 281 2506 caret
301 2454 401 2507 autem
417 2447 643 2523 perturbatione
661 2447 706 2507 vir
721 2455 850 2508 erectus.
887 2444 1042 2506 erroribus

63 2531 238 2600 moderatur
252 2531 317 2590 suis
332 2532 412 2591 attae
427 2530 536 2605 quietis
548 2538 582 2591 ct
597 2531 744 2606 placidae.
777 2531 886 2591 namsi
901 2530 996 2604 tangit
1009 2527 1042 2587 it-

64 2615 124 2673 ium
139 2612 257 2685 iniuria,
274 2622 304 2675 01
317 2622 420 2675 movet
434 2621 464 2674 01
478 2614 506 2672 10
511 2614 603 2689 pedit.
637 2620 720 2674 caret
734 2623 833 2676 autem
848 2614 893 2674 ira
907 2611 1042 2688 sapiens,

66 2713 157 2772 quam
178 2697 290 2757 excitat
308 2698 435 2759 iniuriae
460 2699 597 2772 species,
619 2714 676 2758 nec
690 2698 776 2758 011101
792 2705 909 2758 careret
922 2696 968 2756 ira
984 2696 1043 2755 nisi

63 2787 94 2840 01
109 2780 231 2854 iniuria,
259 2782 422 2856 quamscit
438 2782 570 2842 0111000
587 2797 682 2857 posse
697 2781 778 2841 fieri=
808 2781 879 2840 inde
896 2787 955 2841 tam
978 2794 1043 2837 ere-

64 2871 132 2924 ctus
146 2865 306 2938 laetusque
321 2873 376 2938 est,
392 2866 463 2925 inde
479 2866 622 2925 contiuuo
638 2864 750 2939 gaudio
766 2866 872 2924 elatus.
896 2863 975 2921 adeo
991 2876 1043 2919 au·

63 2955 125 3007 1001
150 2948 189 3007 ad
215 2947 402 3010 offensiones
423 2963 523 3007 rerum
537 2947 756 3021 bominumque
770 2962 832 3006 000
847 2942 1042 3015 contrahitur,

64 3039 97 3090 ut
118 3031 186 3105 ipsa
201 3031 241 3089 iili
257 3031 364 3090 iniuria
378 3031 446 3090 usui
466 3029 519 3104 sit,
550 3046 604 3103 per
624 3046 715 3104 quam
734 3029 974 3103 experimentum
996 3027 1043 3086 sui

64 3115 149 3188 capit
163 3121 192 3172 01
209 3114 346 3174 virtutem
361 3121 494 3187 temptat.
530 3112 715 3187 Faveamus,
737 3113 868 3173 obsecro
885 3111 1074 3185 00010101

63 3195 226 3272 proposito
242 3197 412 3271 aequisque
434 3205 463 3256 01
484 3198 590 3257 animis
606 3205 637 3257 et
651 3196 946 3268 auribusadsimus,
972 3195 1043 3254 dum

63 3281 190 3355 sapiens
205 3281 331 3340 iniuriae
346 3280 509 3354 excipitur:
525 3282 758 3356 necquicquam
770 3282 848 3340 adeo
861 3277 1044 3354 petulantiae

62 3370 185 3424 vestrae
203 3370 255 3424 aut
274 3363 483 3438 rapacissimis
504 3364 719 3439 cupiditatibus
734 3371 785 3423 aut
800 3377 912 3422 caecae
927 3357 1043 3418 temeri·

62 3446 117 3508 tati
128 3445 360 3522 superbiaeque
375 3446 550 3507 detrahitur.
573 3447 666 3507 salvis
681 3446 760 3506 vitiis
776 3445 888 3504 vestris
903 3443 979 3500 haec
994 3455 1041 3498 sa·
