2378 3856
228 202 356 266 Lupus
370 203 423 264 DE
436 203 570 266 MORTE
585 204 750 267 CLAUDII.
772 211 871 268 6-9.
973 203 1036 269 269

58 357 162 428 lerim,
183 370 252 415 oum
267 353 442 415 causidicos
458 355 594 415 audirem
609 354 690 414 mem
704 362 734 414 ct
749 362 879 415 noctem.
908 356 938 416 in
954 372 1035 429 quos

59 441 88 501 si
109 439 289 512 incidisses,
314 438 404 498 valde
425 439 512 501 lortis
532 439 603 498 licet
622 438 681 498 tibi
689 434 846 512 iridearis,
872 439 1035 499 maluisses
1146 472 1148 476 ·

59 525 184 585 cloacas
192 523 311 597 angiae
323 537 470 597 purgare.
491 523 585 583 multo
596 522 667 596 plus
675 536 732 596 ego
744 523 890 582 stercoris
896 522 1034 583 exhausi

60 605 124 668 Sed
140 621 285 681 quomam
299 603 497 667 volo***
614 651 630 658 „
683 647 685 650 .

123 690 203 751 Vlll.
222 687 284 729 ***
298 705 360 749 non
371 705 495 763 mirum
512 688 616 765 quod
608 705 639 746 m
649 703 766 748 curram
776 687 914 762 mpetum
927 662 1035 763 iecisti,
1047 698 1063 749 1

59 773 145 836 nihil
153 773 207 833 tibi
229 774 306 833 clusi
321 778 384 834 est:
404 773 505 833 modo
512 772 564 833 dic
578 771 691 845 nobis,-
689 773 822 846 qualem
838 773 928 837 deum
944 772 1036 833 istum

60 859 128 918 lieri
142 856 229 917 velis.
263 847 649 956 Ἑπικούριιοςθεὸςιιοιι
660 863 859 930 potestesse.
882 846 1036 917 odoacri-

59 932 117 1012 πὸς
131 942 265 1021 πρῶγμσ
279 937 344 1017 ἔχει
357 958 388 998 τι
402 929 479 999 οὔτε
493 931 605 1027 ἄλλοις
623 932 763 1017 παρέχει.
793 938 939 1000 Stoicust
958 957 1034 1015 quo·

59 1025 154 1085 modo
176 1028 279 1098 potest
299 1023 449 1084 rotundus
471 1023 557 1098 esse,
583 1031 632 1082 ut
641 1023 689 1082 ait
701 1023 824 1096 Varro
839 1024 906 1082 sine
924 1024 1033 1098 eapite,

61 1107 130 1167 sine
143 1107 328 1183 praeputior
359 1105 414 1166 Est
426 1106 565 1182 aliquid
557 1123 588 1166 m
603 1105 654 1167 illo
669 1105 764 1166 Stoici
776 1106 841 1179 dei,
856 1107 1036 1167 ἰσιιιιιᾱσο.

60 1206 119 1249 nec
140 1206 193 1251 cor
212 1190 270 1249 nec
291 1189 507 1264 caputhabet.·
532 1189 572 1249 Si·
585 1189 779 1257 mehercules
794 1187 958 1251 aSatnrno
982 1192 1064 1265 pen

60 1274 151 1334 tisset
164 1274 224 1334 hoc
238 1272 434 1346 beneficium,
450 1274 537 1334 cuius
553 1279 766 1333 mensemtoto
779 1288 858 1332 anno
871 1274 1037 1334 celebravit

62 1359 216 1433 princeps,
235 1373 296 1418 non
310 1354 430 1417 tulisset
443 1357 526 1417 illud.
548 1357 660 1417 nedum·
669 1352 707 1415 ab
719 1356 807 1428 love,
823 1371 924 1431 quem,
940 1372 1035 1431 quan-

62 1449 125 1501 tum
149 1440 271 1514 quidem
292 1441 322 1499 in
335 1440 666 1514 'titolata-*damnavit
685 1438 803 1498 incesti.
843 1439 877 1498 L.
899 1439 1036 1500 Silanum

62 1526 157 1596 enim,
173 1539 319 1599 genemm
333 1540 436 1598 suum,
453 1523 573 1584 occidit.
602 1538 671 1597 oro,
689 1530 814 1598 propter
829 1523 926 1597 quidt
947 1540 1035 1585 soro-

61 1624 126 1666 rem
137 1623 232 1681 suam,
248 1607 476 1668 festivissimam
487 1608 621 1669 omnium
632 1608 810 1683 puellarum,
824 1622 915 1681 quam
928 1623 1035 1668 omncs

60 1692 212 1751 Venerem
224 1692 378 1765 uocarent,
391 1692 495 1752 maluit
505 1693 652 1752 lunonem
663 1705 784 1750 vocare.
807 1690 915 1764 Quare,
926 1692 1033 1767 inquit,

63 1789 178 1849 quaero
201 1775 297 1847 enirn,
319 1790 457 1835 sororem
472 1783 580 1835 suam?
613 1774 724 1846 Stulte,
748 1774 852 1834 stude:
874 1774 1064 1846 *Athenise

63 1858 219 1918 dimidium
234 1858 318 1930 licet,
333 1859 539 1918 Alexandriae
553 1867 658 1920 totum.
692 1857 768 1932 Quia
782 1859 912 1932 Romae,
928 1858 1035 1932 inquit,

62 1957 165 2001 mures
180 1944 277 2002 molas
293 1942 418 2017 lingunt.
453 1941 510 2002 Hic
524 1943 614 2003 nobis
631 1958 726 2003 curva
740 1943 890 2016 corriget?
912 1940 990 2015 Quid
1004 1943 1036 2000 in

63 2024 202 2086 cubiculo
226 2041 282 2085 suo
304 2025 396 2085 iaciat
415 2026 537 2085 nescio·
566 2033 596 2086 et
616 2027 699 2099 lam,
702 2026 790 2096 ,coeli
806 2031 956 2085 scrutatur
970 2027 1035 2100 pla-

62 2125 118 2183 gas
121 2112 160 2167 “2
182 2110 258 2170 deus
274 2108 340 2168 lieri
355 2110 441 2170 vulta
462 2125 570 2183 parum
585 2116 646 2182 est,
670 2109 754 2183 quod
769 2109 936 2183 templum
928 2125 959 2166 m
969 2108 1034 2168 Bri-

64 2191 165 2252 tannia
178 2192 293 2252 habet?
315 2193 399 2268 quod
413 2192 494 2253 hunc
509 2191 629 2251 barbari
644 2193 747 2252 colunt
759 2200 789 2251 et
799 2198 833 2251 ut
843 2191 935 2250 deum
947 2197 1036 2252 orant
1099 2206 1132 2250 ὃ

62 2293 178 2354 μωρου
165 2266 344 2349 solidano
357 2280 507 2354 cvxsio‘l“

10 2400 16 2422 .
123 2359 173 2417 lX.
195 2345 330 2419 Tandem
349 2361 414 2420 lovi
435 2358 519 2419 venit
538 2357 568 2418 in
583 2347 729 2434 mentem,
742 2358 874 2433 privatis
889 2357 968 2418 intra
983 2373 1034 2418 cu·
1047 2374 1061 2425 1

60 2443 138 2501 riam
152 2443 339 2503 morantibus
355 2443 533 2504 sententiam
549 2443 651 2502 dicere
667 2448 736 2515 [tion
747 2445 849 2514 lacre]
862 2457 919 2501 nec
929 2442 1035 2516 dispu-

61 2533 136 2585 tare.
172 2525 294 2600 „Ego,
287 2528 398 2601 inquit,
413 2526 446 2586 P.
462 2527 503 2601 G,
519 2527 706 2602 interrogare
722 2526 811 2587 vobis
827 2527 1034 2600 permiseram,

60 2624 119 2668 vos
134 2624 218 2668 mera
231 2611 364 2684 mapalia
377 2610 502 2670 lecistis.
538 2611 619 2671 Volo
633 2616 689 2684 [ιιι]
703 2609 831 2670 servetis
843 2607 1036 2685 disciplinam

62 2692 174 2751 curiae.
212 2694 285 2765 Hic,
311 2695 545 2790 qualiscumque
566 2703 628 2768 est,
656 2695 729 2769 quid
756 2695 910 2754 danobis
933 2691 1035 2753 existi·

61 2773 193 2834 mabitt“
208 2775 262 2833 lllo
275 2775 401 2835 dimisso
414 2778 531 2851 primus
543 2778 743 2852 interrogatur
755 2779 934 2838 sententiam
943 2777 1064 2837 Ianusi

62 2863 158 2934 pater
192 2855 218 2913 is
237 2856 414 2931 designatus
437 2866 502 2918 erat
522 2860 553 2917 in
572 2859 639 2918 Kal
662 2860 754 2918 lulias
776 2859 1034 2956 postmeridianus

62 2942 149 3012 Cos,
176 2937 268 2999 homo
296 2935 489 3014 quantumvis
512 2943 612 3012 valer,
636 2942 687 3016 qui
713 2957 836 3016 semper
859 2933 989 3001 videt‘
967 2961 1035 3019 αμα

62 3015 200 3101 πρόσσω
221 3016 276 3083 καὶ
293 3013 429 3084 ὀπίσσω.
465 3025 495 3083 Is
509 3025 603 3084 multa
618 3025 749 3098 diserte,
764 3025 870 3099 quod
862 3043 892 3085 m
904 3025 974 3086 loro
991 3025 1034 3084 vi-

61 3114 128 3180 tat,
145 3106 221 3166 dixit
227 3123 332 3181 ,quae
345 3109 480 3168 notarius
492 3109 637 3184 persequi
650 3126 710 3169 non
723 3109 834 3184 potuit,
851 3116 881 3168 et
891 3110 961 3170 ideo
973 3125 1034 3169 non

62 3191 178 3265 relero,
204 3207 244 3249 ne
264 3191 331 3251 aliis
352 3192 453 3251 verbis
475 3209 603 3267 ponam,
630 3209 709 3267 quae
730 3193 769 3252 ab
791 3193 841 3253 illo
857 3194 937 3253 dieta
955 3198 1033 3254 sunt.

61 3273 157 3333 Multa
179 3273 255 3334 dixit
275 3275 321 3334 de
334 3275 542 3352 magnitudine
562 3278 704 3337 deorum=
733 3293 795 3336 non
818 3278 930 3337 debere
954 3277 1063 3336 hunsl

62 3359 155 3432 volgo
169 3351 402 3420 darihonorem
436 3359 533 3434 „Olim
540 3362 667 3436 ,inquit
682 3362 1034 3435 magnarescratdeum

63 3441 145 3500 fieri:
168 3442 241 3513 iam,
259 3443 366 3517 Fama,
383 3445 506 3506 mimum
520 3444 618 3506 fecisti
634 3451 696 3518 [et
688 3468 739 3503 ram
752 3467 892 3518 perannum
904 3466 1034 3519 quemque
