<?xml version="1.0" encoding="UTF-8"?>
<!DOCTYPE html PUBLIC "-//W3C//DTD XHTML 1.0 Transitional//EN"
    "http://www.w3.org/TR/xhtml1/DTD/xhtml1-transitional.dtd">
<html xmlns="http://www.w3.org/1999/xhtml" xml:lang="en" lang="en">
 <head>
  <title>
</title>
<meta http-equiv="Content-Type" content="text/html;charset=utf-8" />
  <meta name='ocr-system' content='tesseract 3.04.00' />
  <meta name='ocr-capabilities' content='ocr_page ocr_carea ocr_par ocr_line ocrx_word'/>
</head>
<body>
  <div class='ocr_page' id='page_1' title='image "./lannaeisenecaeo03senegoog_0278.png"; bbox 0 0 2378 3856; ppageno 0'>
   <div class='ocr_carea' id='block_1_1' title="bbox 99 548 964 907">
    <p class='ocr_par' dir='ltr' id='par_1_1' title="bbox 99 531 964 907">
     <span class='ocr_line' id='line_1_1' title="bbox 289 548 953 706; baseline 0.002 -1"><span class='ocrx_word' id='word_1_1' title='bbox 289 574 363 705; x_wconf 81' lang='lat' dir='ltr'><strong>n.</strong></span> <span class='ocrx_word' id='word_1_2' title='bbox 389 548 730 706; x_wconf 80' lang='lat' dir='ltr'><strong>irrui-surreie</strong></span> <span class='ocrx_word' id='word_1_3' title='bbox 952 686 953 694; x_wconf 17' lang='lat' dir='ltr'><strong>i</strong></span> 
     </span>
     <span class='ocr_line' id='line_1_2' title="bbox 99 785 964 907; baseline 0.005 -27"><span class='ocrx_word' id='word_1_4' title='bbox 99 785 964 907; x_wconf 76' lang='lat' dir='ltr'><strong>erruernnrrrsuruuexulto.</strong></span> 
     </span>
    </p>
   </div>
   <div class='ocr_carea' id='block_1_2' title="bbox 85 1107 1017 2253">
    <p class='ocr_par' dir='ltr' id='par_1_2' title="bbox 85 1107 1017 2253">
     <span class='ocr_line' id='line_1_3' title="bbox 128 1107 815 1172; baseline 0.009 -23"><span class='ocrx_word' id='word_1_5' title='bbox 128 1109 149 1150; x_wconf 88' lang='lat'><strong>1.</strong></span> <span class='ocrx_word' id='word_1_6' title='bbox 390 1107 664 1154; x_wconf 74' lang='lat' dir='ltr'><strong>arceasrcnu.</strong></span> <span class='ocrx_word' id='word_1_7' title='bbox 812 1167 815 1172; x_wconf 18' lang='lat'><em>4</em></span> 
     </span>
     <span class='ocr_line' id='line_1_4' title="bbox 86 1173 889 1253; baseline 0.002 -17"><span class='ocrx_word' id='word_1_8' title='bbox 86 1176 212 1237; x_wconf 84' lang='lat' dir='ltr'><strong>corsica</strong></span> <span class='ocrx_word' id='word_1_9' title='bbox 225 1173 376 1237; x_wconf 89' lang='lat' dir='ltr'><strong>Phocaico</strong></span> <span class='ocrx_word' id='word_1_10' title='bbox 390 1176 481 1238; x_wconf 88' lang='lat' dir='ltr'><strong>tellus</strong></span> <span class='ocrx_word' id='word_1_11' title='bbox 495 1175 628 1240; x_wconf 84' lang='lat' dir='ltr'><strong>habitata</strong></span> <span class='ocrx_word' id='word_1_12' title='bbox 644 1179 770 1253; x_wconf 87' lang='lat' dir='ltr'><strong>colono,</strong></span> <span class='ocrx_word' id='word_1_13' title='bbox 886 1233 889 1238; x_wconf 84' lang='grc'><em>,</em></span> 
     </span>
     <span class='ocr_line' id='line_1_5' title="bbox 130 1259 858 1338; baseline 0.003 -18"><span class='ocrx_word' id='word_1_14' title='bbox 130 1259 268 1334; x_wconf 82' lang='lat' dir='ltr'><strong>corsica,</strong></span> <span class='ocrx_word' id='word_1_15' title='bbox 292 1274 373 1335; x_wconf 87' lang='lat' dir='ltr'><strong>quae</strong></span> <span class='ocrx_word' id='word_1_16' title='bbox 387 1259 485 1334; x_wconf 88' lang='lat' dir='ltr'><strong>patrio</strong></span> <span class='ocrx_word' id='word_1_17' title='bbox 500 1261 624 1321; x_wconf 86' lang='lat' dir='ltr'><strong>nornine</strong></span> <span class='ocrx_word' id='word_1_18' title='bbox 638 1260 758 1338; x_wconf 82' lang='lat' dir='ltr'>Cyrnus</span> <span class='ocrx_word' id='word_1_19' title='bbox 774 1275 858 1337; x_wconf 88' lang='lat' dir='ltr'><strong>eras,</strong></span> 
     </span>
     <span class='ocr_line' id='line_1_6' title="bbox 87 1341 804 1420; baseline 0.001 -17"><span class='ocrx_word' id='word_1_20' title='bbox 87 1343 213 1406; x_wconf 84' lang='lat' dir='ltr'><strong>Corsica</strong></span> <span class='ocrx_word' id='word_1_21' title='bbox 227 1343 369 1404; x_wconf 83' lang='lat' dir='ltr'><strong>Sardinia</strong></span> <span class='ocrx_word' id='word_1_22' title='bbox 381 1341 518 1415; x_wconf 90' lang='lat' dir='ltr'><strong>brevior,</strong></span> <span class='ocrx_word' id='word_1_23' title='bbox 539 1345 711 1418; x_wconf 78' lang='lat' dir='ltr'><strong>porrectior</strong></span> <span class='ocrx_word' id='word_1_24' title='bbox 725 1346 804 1420; x_wconf 86' lang='lat' dir='ltr'><strong>live,</strong></span> 
     </span>
     <span class='ocr_line' id='line_1_7' title="bbox 128 1425 851 1502; baseline 0 -13"><span class='ocrx_word' id='word_1_25' title='bbox 128 1428 253 1489; x_wconf 82' lang='lat' dir='ltr'><strong>Corsica</strong></span> <span class='ocrx_word' id='word_1_26' title='bbox 270 1425 403 1502; x_wconf 83' lang='lat' dir='ltr'><strong>piscosis</strong></span> <span class='ocrx_word' id='word_1_27' title='bbox 420 1427 526 1502; x_wconf 88' lang='lat' dir='ltr'><strong>pervia</strong></span> <span class='ocrx_word' id='word_1_28' title='bbox 539 1425 731 1502; x_wconf 82' lang='lat' dir='ltr'><strong>fluminibus,</strong></span> <span class='ocrx_word' id='word_1_29' title='bbox 810 1465 822 1483; x_wconf 36' lang='grc' dir='ltr'><em>κ</em></span> <span class='ocrx_word' id='word_1_30' title='bbox 845 1462 851 1469; x_wconf 89' lang='grc'>-</span> 
     </span>
     <span class='ocr_line' id='line_1_8' title="bbox 88 1509 1017 1587; baseline 0.003 -16"><span class='ocrx_word' id='word_1_31' title='bbox 88 1512 212 1573; x_wconf 84' lang='lat' dir='ltr'><strong>Corsica</strong></span> <span class='ocrx_word' id='word_1_32' title='bbox 225 1509 383 1583; x_wconf 89' lang='lat' dir='ltr'><strong>terribilis,</strong></span> <span class='ocrx_word' id='word_1_33' title='bbox 403 1525 473 1571; x_wconf 87' lang='lat' dir='ltr'><strong>cum</strong></span> <span class='ocrx_word' id='word_1_34' title='bbox 488 1511 618 1585; x_wconf 81' lang='lat' dir='ltr'><strong>primunr</strong></span> <span class='ocrx_word' id='word_1_35' title='bbox 632 1511 789 1574; x_wconf 77' lang='lat' dir='ltr'><strong>incanduit</strong></span> <span class='ocrx_word' id='word_1_36' title='bbox 802 1521 919 1587; x_wconf 85' lang='lat' dir='ltr'><strong>aestas,</strong></span> <span class='ocrx_word' id='word_1_37' title='bbox 1000 1523 1017 1574; x_wconf 82' lang='lat'>5</span> 
     </span>
     <span class='ocr_line' id='line_1_9' title="bbox 131 1592 797 1669; baseline 0.002 -13"><span class='ocrx_word' id='word_1_38' title='bbox 131 1592 273 1669; x_wconf 86' lang='lat' dir='ltr'><strong>Saevior,</strong></span> <span class='ocrx_word' id='word_1_39' title='bbox 296 1594 429 1655; x_wconf 88' lang='lat' dir='ltr'><strong>ostendit</strong></span> <span class='ocrx_word' id='word_1_40' title='bbox 444 1609 511 1653; x_wconf 85' lang='lat' dir='ltr'><strong>cunr</strong></span> <span class='ocrx_word' id='word_1_41' title='bbox 528 1594 611 1655; x_wconf 89' lang='lat' dir='ltr'><strong>ierus</strong></span> <span class='ocrx_word' id='word_1_42' title='bbox 627 1606 682 1656; x_wconf 85' lang='lat' dir='ltr'><strong>ora</strong></span> <span class='ocrx_word' id='word_1_43' title='bbox 696 1597 797 1669; x_wconf 90' lang='lat' dir='ltr'><strong>canis,</strong></span> 
     </span>
     <span class='ocr_line' id='line_1_10' title="bbox 85 1676 853 1756; baseline 0 -19"><span class='ocrx_word' id='word_1_44' title='bbox 85 1678 179 1739; x_wconf 85' lang='lat' dir='ltr'><strong>Parce</strong></span> <span class='ocrx_word' id='word_1_45' title='bbox 193 1676 350 1753; x_wconf 77' lang='lat' dir='ltr'><strong>relegatis,</strong></span> <span class='ocrx_word' id='word_1_46' title='bbox 371 1677 431 1738; x_wconf 89' lang='lat' dir='ltr'><strong>hoc</strong></span> <span class='ocrx_word' id='word_1_47' title='bbox 445 1685 507 1751; x_wconf 87' lang='lat' dir='ltr'><strong>est,</strong></span> <span class='ocrx_word' id='word_1_48' title='bbox 528 1678 587 1737; x_wconf 85' lang='lat' dir='ltr'><strong>iarn</strong></span> <span class='ocrx_word' id='word_1_49' title='bbox 602 1694 696 1752; x_wconf 87' lang='lat' dir='ltr'><strong>parce</strong></span> <span class='ocrx_word' id='word_1_50' title='bbox 710 1681 853 1756; x_wconf 79' lang='lat' dir='ltr'><strong>sepultis:</strong></span> 
     </span>
     <span class='ocr_line' id='line_1_11' title="bbox 128 1759 704 1823; baseline 0.002 -2"><span class='ocrx_word' id='word_1_51' title='bbox 128 1762 276 1823; x_wconf 88' lang='lat' dir='ltr'><strong>Vivorum</strong></span> <span class='ocrx_word' id='word_1_52' title='bbox 292 1760 386 1823; x_wconf 91' lang='lat' dir='ltr'><strong>cineri</strong></span> <span class='ocrx_word' id='word_1_53' title='bbox 401 1759 441 1821; x_wconf 91' lang='lat' dir='ltr'><strong>sit</strong></span> <span class='ocrx_word' id='word_1_54' title='bbox 455 1767 507 1821; x_wconf 89' lang='lat' dir='ltr'><strong>tua</strong></span> <span class='ocrx_word' id='word_1_55' title='bbox 521 1767 601 1821; x_wconf 88' lang='lat' dir='ltr'><strong>terra</strong></span> <span class='ocrx_word' id='word_1_56' title='bbox 616 1762 704 1822; x_wconf 88' lang='lat' dir='ltr'><strong>levis.</strong></span> 
     </span>
     <span class='ocr_line' id='line_1_12' title="bbox 130 1860 628 1926; baseline 0.002 -23"><span class='ocrx_word' id='word_1_57' title='bbox 130 1861 190 1909; x_wconf 50' lang='lat' dir='ltr'><strong>ue</strong></span> <span class='ocrx_word' id='word_1_58' title='bbox 428 1861 471 1904; x_wconf 81' lang='lat' dir='ltr'><strong>ue</strong></span> <span class='ocrx_word' id='word_1_59' title='bbox 492 1860 628 1926; x_wconf 12' lang='lat' dir='ltr'><strong>uterere.</strong></span> 
     </span>
     <span class='ocr_line' id='line_1_13' title="bbox 88 1926 903 2005; baseline 0.005 -18"><span class='ocrx_word' id='word_1_60' title='bbox 88 1926 224 1988; x_wconf 86' lang='lat' dir='ltr'><strong>Barbara</strong></span> <span class='ocrx_word' id='word_1_61' title='bbox 238 1927 412 2003; x_wconf 85' lang='lat' dir='ltr'><strong>praeruptis</strong></span> <span class='ocrx_word' id='word_1_62' title='bbox 427 1928 546 1989; x_wconf 88' lang='lat' dir='ltr'><strong>inclusa</strong></span> <span class='ocrx_word' id='word_1_63' title='bbox 561 1936 608 1988; x_wconf 90' lang='lat' dir='ltr'><strong>est</strong></span> <span class='ocrx_word' id='word_1_64' title='bbox 621 1928 747 1990; x_wconf 81' lang='lat' dir='ltr'><strong>corsica</strong></span> <span class='ocrx_word' id='word_1_65' title='bbox 761 1929 863 2005; x_wconf 85' lang='lat' dir='ltr'><strong>saxis,</strong></span> <span class='ocrx_word' id='word_1_66' title='bbox 900 1963 903 1966; x_wconf 92' lang='lat'>·</span> 
     </span>
     <span class='ocr_line' id='line_1_14' title="bbox 128 2009 862 2087; baseline 0.003 -17"><span class='ocrx_word' id='word_1_67' title='bbox 128 2009 275 2084; x_wconf 87' lang='lat' dir='ltr'><strong>Horrida,</strong></span> <span class='ocrx_word' id='word_1_68' title='bbox 299 2011 430 2071; x_wconf 86' lang='lat' dir='ltr'><strong>desertis</strong></span> <span class='ocrx_word' id='word_1_69' title='bbox 444 2012 582 2087; x_wconf 90' lang='lat' dir='ltr'><strong>undique</strong></span> <span class='ocrx_word' id='word_1_70' title='bbox 599 2018 685 2072; x_wconf 90' lang='lat' dir='ltr'><strong>vasta</strong></span> <span class='ocrx_word' id='word_1_71' title='bbox 700 2014 786 2072; x_wconf 90' lang='lat' dir='ltr'><strong>locis.</strong></span> <span class='ocrx_word' id='word_1_72' title='bbox 859 2059 862 2063; x_wconf 89' lang='lat'><em>.</em></span> 
     </span>
     <span class='ocr_line' id='line_1_15' title="bbox 86 2095 932 2171; baseline 0.004 -18"><span class='ocrx_word' id='word_1_73' title='bbox 86 2095 152 2155; x_wconf 90' lang='lat' dir='ltr'><strong>Non</strong></span> <span class='ocrx_word' id='word_1_74' title='bbox 170 2110 261 2170; x_wconf 85' lang='lat' dir='ltr'><strong>perna</strong></span> <span class='ocrx_word' id='word_1_75' title='bbox 276 2102 456 2166; x_wconf 91' lang='lat' dir='ltr'><strong>autumnus,</strong></span> <span class='ocrx_word' id='word_1_76' title='bbox 478 2102 601 2168; x_wconf 80' lang='lat' dir='ltr'><strong>segetes</strong></span> <span class='ocrx_word' id='word_1_77' title='bbox 616 2111 676 2155; x_wconf 92' lang='lat' dir='ltr'><strong>non</strong></span> <span class='ocrx_word' id='word_1_78' title='bbox 692 2096 802 2156; x_wconf 88' lang='lat' dir='ltr'><strong>educat</strong></span> <span class='ocrx_word' id='word_1_79' title='bbox 816 2104 932 2171; x_wconf 85' lang='lat' dir='ltr'><strong>aestas,</strong></span> 
     </span>
     <span class='ocr_line' id='line_1_16' title="bbox 131 2177 793 2253; baseline 0 -15"><span class='ocrx_word' id='word_1_80' title='bbox 131 2179 274 2253; x_wconf 83' lang='lat' dir='ltr'><strong>Canaque</strong></span> <span class='ocrx_word' id='word_1_81' title='bbox 287 2177 422 2237; x_wconf 86' lang='lat' dir='ltr'><strong>Palladio</strong></span> <span class='ocrx_word' id='word_1_82' title='bbox 438 2192 564 2237; x_wconf 87' lang='lat' dir='ltr'><strong>munere</strong></span> <span class='ocrx_word' id='word_1_83' title='bbox 577 2177 686 2237; x_wconf 87' lang='lat' dir='ltr'><strong>bruma</strong></span> <span class='ocrx_word' id='word_1_84' title='bbox 701 2185 793 2238; x_wconf 87' lang='lat' dir='ltr'><strong>caret.</strong></span> 
     </span>
    </p>
   </div>
   <div class='ocr_carea' id='block_1_3' title="bbox 86 2260 1106 2334">
    <p class='ocr_par' dir='ltr' id='par_1_3' title="bbox 86 2260 1106 2334">
     <span class='ocr_line' id='line_1_17' title="bbox 86 2260 1106 2334; baseline 0.001 -11"><span class='ocrx_word' id='word_1_85' title='bbox 86 2262 268 2323; x_wconf 87' lang='lat' dir='ltr'><strong>Umbrarum</strong></span> <span class='ocrx_word' id='word_1_86' title='bbox 282 2263 365 2321; x_wconf 92' lang='lat' dir='ltr'><strong>nullo</strong></span> <span class='ocrx_word' id='word_1_87' title='bbox 379 2276 434 2321; x_wconf 88' lang='lat' dir='ltr'><strong>ver</strong></span> <span class='ocrx_word' id='word_1_88' title='bbox 448 2267 496 2320; x_wconf 83' lang='lat' dir='ltr'><strong>est</strong></span> <span class='ocrx_word' id='word_1_89' title='bbox 509 2260 650 2320; x_wconf 88' lang='lat' dir='ltr'><strong>laetabile</strong></span> <span class='ocrx_word' id='word_1_90' title='bbox 665 2261 762 2334; x_wconf 81' lang='lat' dir='ltr'><strong>foetu,</strong></span> <span class='ocrx_word' id='word_1_91' title='bbox 1001 2273 1019 2324; x_wconf 78' lang='lat' dir='ltr'><strong>o</strong></span> <span class='ocrx_word' id='word_1_92' title='bbox 1104 2264 1106 2268; x_wconf 81' lang='grc'><strong>’</strong></span> 
     </span>
    </p>
   </div>
   <div class='ocr_carea' id='block_1_4' title="bbox 52 2343 1019 3419">
    <p class='ocr_par' dir='ltr' id='par_1_4' title="bbox 52 2343 1019 3419">
     <span class='ocr_line' id='line_1_18' title="bbox 127 2343 926 2420; baseline -0.001 -15"><span class='ocrx_word' id='word_1_93' title='bbox 127 2345 277 2420; x_wconf 83' lang='lat' dir='ltr'><strong>Nullaque</strong></span> <span class='ocrx_word' id='word_1_94' title='bbox 292 2346 321 2404; x_wconf 91' lang='lat' dir='ltr'><strong>in</strong></span> <span class='ocrx_word' id='word_1_95' title='bbox 337 2343 470 2405; x_wconf 80' lang='lat' dir='ltr'><strong>infausto</strong></span> <span class='ocrx_word' id='word_1_96' title='bbox 486 2344 621 2405; x_wconf 87' lang='lat' dir='ltr'><strong>nascitur</strong></span> <span class='ocrx_word' id='word_1_97' title='bbox 634 2343 729 2404; x_wconf 89' lang='lat' dir='ltr'><strong>herba</strong></span> <span class='ocrx_word' id='word_1_98' title='bbox 743 2346 820 2405; x_wconf 90' lang='lat' dir='ltr'><strong>solo.</strong></span> <span class='ocrx_word' id='word_1_99' title='bbox 898 2354 901 2359; x_wconf 89' lang='grc'><strong><em>·</em></strong></span> <span class='ocrx_word' id='word_1_100' title='bbox 921 2385 926 2396; x_wconf 74' lang='grc'><strong>.</strong></span> 
     </span>
     <span class='ocr_line' id='line_1_19' title="bbox 85 2425 971 2517; baseline -0.005 -28"><span class='ocrx_word' id='word_1_101' title='bbox 85 2429 152 2490; x_wconf 87' lang='lat' dir='ltr'><strong>Non</strong></span> <span class='ocrx_word' id='word_1_102' title='bbox 167 2429 272 2505; x_wconf 89' lang='lat' dir='ltr'><strong>panis,</strong></span> <span class='ocrx_word' id='word_1_103' title='bbox 293 2443 354 2490; x_wconf 93' lang='lat' dir='ltr'><strong>non</strong></span> <span class='ocrx_word' id='word_1_104' title='bbox 370 2427 498 2490; x_wconf 87' lang='lat' dir='ltr'><strong>haustus</strong></span> <span class='ocrx_word' id='word_1_105' title='bbox 513 2442 628 2502; x_wconf 82' lang='lat' dir='ltr'><strong>aquae,</strong></span> <span class='ocrx_word' id='word_1_106' title='bbox 650 2443 712 2487; x_wconf 89' lang='lat' dir='ltr'><strong>nen</strong></span> <span class='ocrx_word' id='word_1_107' title='bbox 729 2427 852 2489; x_wconf 87' lang='lat' dir='ltr'><strong>ultimus</strong></span> <span class='ocrx_word' id='word_1_108' title='bbox 867 2425 946 2504; x_wconf 80' lang='lat' dir='ltr'><strong>ignis</strong></span> <span class='ocrx_word' id='word_1_109' title='bbox 954 2449 971 2517; x_wconf 46' lang='lat' dir='ltr'><strong>a·</strong></span> 
     </span>
     <span class='ocr_line' id='line_1_20' title="bbox 128 2510 883 2584; baseline -0.001 -11"><span class='ocrx_word' id='word_1_110' title='bbox 128 2513 185 2574; x_wconf 89' lang='lat' dir='ltr'><strong>Hic</strong></span> <span class='ocrx_word' id='word_1_111' title='bbox 200 2514 268 2573; x_wconf 91' lang='lat' dir='ltr'><strong>sola</strong></span> <span class='ocrx_word' id='word_1_112' title='bbox 282 2512 359 2573; x_wconf 87' lang='lat' dir='ltr'><strong>haec</strong></span> <span class='ocrx_word' id='word_1_113' title='bbox 374 2512 435 2573; x_wconf 90' lang='lat' dir='ltr'><strong>duo</strong></span> <span class='ocrx_word' id='word_1_114' title='bbox 451 2518 535 2584; x_wconf 88' lang='lat' dir='ltr'><strong>sunt,</strong></span> <span class='ocrx_word' id='word_1_115' title='bbox 559 2511 648 2571; x_wconf 86' lang='lat' dir='ltr'><strong>exsul</strong></span> <span class='ocrx_word' id='word_1_116' title='bbox 667 2518 697 2572; x_wconf 87' lang='lat' dir='ltr'><strong>et</strong></span> <span class='ocrx_word' id='word_1_117' title='bbox 711 2510 863 2573; x_wconf 87' lang='lat' dir='ltr'><strong>exsilium.</strong></span> <span class='ocrx_word' id='word_1_118' title='bbox 880 2516 883 2572; x_wconf 81' lang='grc' dir='ltr'><strong><em>ζ</em></strong></span> 
     </span>
     <span class='ocr_line' id='line_1_21' title="bbox 52 2609 797 2665; baseline -0.004 -9"><span class='ocrx_word' id='word_1_119' title='bbox 52 2622 56 2627; x_wconf 90' lang='grc'><strong><em>·</em></strong></span> <span class='ocrx_word' id='word_1_120' title='bbox 129 2614 175 2656; x_wconf 90' lang='lat'>111.</span> <span class='ocrx_word' id='word_1_121' title='bbox 437 2609 619 2665; x_wconf 69' lang='lat' dir='ltr'><strong>perenne.</strong></span> <span class='ocrx_word' id='word_1_122' title='bbox 795 2612 797 2615; x_wconf 92' lang='lat'>·</span> 
     </span>
     <span class='ocr_line' id='line_1_22' title="bbox 89 2678 807 2754; baseline -0.007 -15"><span class='ocrx_word' id='word_1_123' title='bbox 89 2679 190 2739; x_wconf 88' lang='lat' dir='ltr'><strong>Occisi</strong></span> <span class='ocrx_word' id='word_1_124' title='bbox 205 2681 340 2753; x_wconf 82' lang='lat' dir='ltr'><strong>iugulum</strong></span> <span class='ocrx_word' id='word_1_125' title='bbox 356 2678 497 2754; x_wconf 88' lang='lat' dir='ltr'><strong>quisquis</strong></span> <span class='ocrx_word' id='word_1_126' title='bbox 513 2678 658 2738; x_wconf 88' lang='lat' dir='ltr'><strong>scrutaris</strong></span> <span class='ocrx_word' id='word_1_127' title='bbox 674 2678 788 2751; x_wconf 43' lang='lat' dir='ltr'><strong>amicis</strong></span> <span class='ocrx_word' id='word_1_128' title='bbox 804 2731 807 2734; x_wconf 81' lang='grc'>,</span> 
     </span>
     <span class='ocr_line' id='line_1_23' title="bbox 128 2760 849 2834; baseline -0.001 -14"><span class='ocrx_word' id='word_1_129' title='bbox 128 2762 173 2820; x_wconf 85' lang='lat' dir='ltr'><strong>Tu</strong></span> <span class='ocrx_word' id='word_1_130' title='bbox 188 2760 333 2820; x_wconf 88' lang='lat' dir='ltr'><strong>miserum</strong></span> <span class='ocrx_word' id='word_1_131' title='bbox 346 2762 478 2822; x_wconf 82' lang='lat' dir='ltr'><strong>necdum</strong></span> <span class='ocrx_word' id='word_1_132' title='bbox 491 2777 540 2819; x_wconf 85' lang='lat' dir='ltr'><strong>rne</strong></span> <span class='ocrx_word' id='word_1_133' title='bbox 557 2762 633 2820; x_wconf 87' lang='lat' dir='ltr'><strong>satis</strong></span> <span class='ocrx_word' id='word_1_134' title='bbox 649 2775 722 2819; x_wconf 88' lang='lat' dir='ltr'><strong>esse</strong></span> <span class='ocrx_word' id='word_1_135' title='bbox 737 2767 849 2834; x_wconf 68' lang='lat' dir='ltr'><strong>putas?</strong></span> 
     </span>
     <span class='ocr_line' id='line_1_24' title="bbox 73 2843 790 2916; baseline -0.003 -12"><span class='ocrx_word' id='word_1_136' title='bbox 73 2844 204 2904; x_wconf 74' lang='lat' dir='ltr'><strong>vllesere</strong></span> <span class='ocrx_word' id='word_1_137' title='bbox 219 2843 414 2902; x_wconf 72' lang='lat' dir='ltr'><strong>confossumx</strong></span> <span class='ocrx_word' id='word_1_138' title='bbox 436 2843 544 2903; x_wconf 89' lang='lat' dir='ltr'><strong>victori</strong></span> <span class='ocrx_word' id='word_1_139' title='bbox 558 2844 670 2903; x_wconf 91' lang='lat' dir='ltr'><strong>volnus</strong></span> <span class='ocrx_word' id='word_1_140' title='bbox 684 2843 790 2916; x_wconf 90' lang='lat' dir='ltr'><strong>iniquo</strong></span> 
     </span>
     <span class='ocr_line' id='line_1_25' title="bbox 129 2924 858 3001; baseline -0.001 -16"><span class='ocrx_word' id='word_1_141' title='bbox 129 2926 317 2987; x_wconf 79' lang='lat' dir='ltr'><strong>Mortiferum</strong></span> <span class='ocrx_word' id='word_1_142' title='bbox 331 2924 478 3001; x_wconf 90' lang='lat' dir='ltr'><strong>inpressit</strong></span> <span class='ocrx_word' id='word_1_143' title='bbox 491 2931 611 2986; x_wconf 87' lang='lat' dir='ltr'><strong>mortua</strong></span> <span class='ocrx_word' id='word_1_144' title='bbox 628 2938 724 3000; x_wconf 86' lang='lat' dir='ltr'><strong>saepe</strong></span> <span class='ocrx_word' id='word_1_145' title='bbox 738 2940 858 2986; x_wconf 86' lang='lat' dir='ltr'><strong>manus.</strong></span> 
     </span>
     <span class='ocr_line' id='line_1_26' title="bbox 129 3024 580 3068; baseline -0.004 0"><span class='ocrx_word' id='word_1_146' title='bbox 129 3027 170 3068; x_wconf 88' lang='lat' dir='ltr'><strong>rv.</strong></span> <span class='ocrx_word' id='word_1_147' title='bbox 251 3055 253 3059; x_wconf 91' lang='lat'>.</span> <span class='ocrx_word' id='word_1_148' title='bbox 481 3024 580 3067; x_wconf 83' lang='lat' dir='ltr'><strong>rreu.</strong></span> 
     </span>
     <span class='ocr_line' id='line_1_27' title="bbox 89 3090 1019 3168; baseline -0.001 -15"><span class='ocrx_word' id='word_1_149' title='bbox 89 3094 234 3168; x_wconf 82' lang='lat' dir='ltr'><strong>Quisquis</strong></span> <span class='ocrx_word' id='word_1_150' title='bbox 249 3109 299 3165; x_wconf 86' lang='lat' dir='ltr'><strong>es,</strong></span> <span class='ocrx_word' id='word_1_151' title='bbox 313 3124 357 3137; x_wconf 89' lang='lat'><strong>·-</strong></span> <span class='ocrx_word' id='word_1_152' title='bbox 371 3099 401 3152; x_wconf 91' lang='lat' dir='ltr'><strong>et</strong></span> <span class='ocrx_word' id='word_1_153' title='bbox 411 3106 520 3152; x_wconf 86' lang='lat' dir='ltr'><strong>nomen</strong></span> <span class='ocrx_word' id='word_1_154' title='bbox 533 3091 648 3152; x_wconf 79' lang='lat' dir='ltr'><strong>dicam:</strong></span> <span class='ocrx_word' id='word_1_155' title='bbox 669 3091 759 3152; x_wconf 91' lang='lat' dir='ltr'><strong>dolor</strong></span> <span class='ocrx_word' id='word_1_156' title='bbox 770 3092 873 3152; x_wconf 87' lang='lat' dir='ltr'><strong>omnia</strong></span> <span class='ocrx_word' id='word_1_157' title='bbox 885 3090 967 3166; x_wconf 77' lang='lat' dir='ltr'><strong>cogit</strong></span> <span class='ocrx_word' id='word_1_158' title='bbox 977 3123 1019 3136; x_wconf 90' lang='lat'><strong>--·</strong></span> 
     </span>
     <span class='ocr_line' id='line_1_28' title="bbox 131 3173 884 3251; baseline -0.004 -14"><span class='ocrx_word' id='word_1_159' title='bbox 131 3177 187 3251; x_wconf 84' lang='lat' dir='ltr'><strong>Qui</strong></span> <span class='ocrx_word' id='word_1_160' title='bbox 201 3183 340 3236; x_wconf 86' lang='lat' dir='ltr'><strong>nostrum</strong></span> <span class='ocrx_word' id='word_1_161' title='bbox 355 3175 486 3235; x_wconf 86' lang='lat' dir='ltr'><strong>cinerem</strong></span> <span class='ocrx_word' id='word_1_162' title='bbox 501 3191 595 3248; x_wconf 86' lang='lat' dir='ltr'><strong>nunc,</strong></span> <span class='ocrx_word' id='word_1_163' title='bbox 616 3173 752 3248; x_wconf 85' lang='lat' dir='ltr'><strong>inimice,</strong></span> <span class='ocrx_word' id='word_1_164' title='bbox 772 3176 884 3251; x_wconf 88' lang='lat' dir='ltr'><strong>premis</strong></span> 
     </span>
     <span class='ocr_line' id='line_1_29' title="bbox 88 3258 779 3335; baseline 0.001 -17"><span class='ocrx_word' id='word_1_165' title='bbox 88 3260 125 3320; x_wconf 79' lang='lat' dir='ltr'><strong>Et</strong></span> <span class='ocrx_word' id='word_1_166' title='bbox 139 3277 200 3320; x_wconf 92' lang='lat' dir='ltr'><strong>nen</strong></span> <span class='ocrx_word' id='word_1_167' title='bbox 216 3266 377 3321; x_wconf 87' lang='lat' dir='ltr'><strong>contentus</strong></span> <span class='ocrx_word' id='word_1_168' title='bbox 392 3259 483 3321; x_wconf 89' lang='lat' dir='ltr'><strong>tantis</strong></span> <span class='ocrx_word' id='word_1_169' title='bbox 496 3258 669 3335; x_wconf 88' lang='lat' dir='ltr'><strong>subitisque</strong></span> <span class='ocrx_word' id='word_1_170' title='bbox 682 3261 779 3321; x_wconf 88' lang='lat' dir='ltr'><strong>ruinis</strong></span> 
     </span>
     <span class='ocr_line' id='line_1_30' title="bbox 130 3342 836 3419; baseline -0.007 -15"><span class='ocrx_word' id='word_1_171' title='bbox 130 3343 259 3419; x_wconf 84' lang='lat' dir='ltr'><strong>Stringis</strong></span> <span class='ocrx_word' id='word_1_172' title='bbox 275 3342 303 3402; x_wconf 90' lang='lat' dir='ltr'><strong>in</strong></span> <span class='ocrx_word' id='word_1_173' title='bbox 321 3342 502 3404; x_wconf 88' lang='lat' dir='ltr'><strong>exstinctum</strong></span> <span class='ocrx_word' id='word_1_174' title='bbox 517 3345 577 3403; x_wconf 89' lang='lat' dir='ltr'><strong>tela</strong></span> <span class='ocrx_word' id='word_1_175' title='bbox 592 3349 716 3405; x_wconf 88' lang='lat' dir='ltr'><strong>cruenta</strong></span> <span class='ocrx_word' id='word_1_176' title='bbox 731 3351 836 3418; x_wconf 83' lang='lat' dir='ltr'><strong>caput=</strong></span> 
     </span>
    </p>
   </div>
   <div class='ocr_carea' id='block_1_5' title="bbox 0 0 1194 3856">
    <p class='ocr_par' dir='ltr' id='par_1_5' title="bbox 0 0 1194 3856">
     <span class='ocr_line' id='line_1_31' title="bbox 0 0 1194 3856; baseline 0 1"><span class='ocrx_word' id='word_1_177' title='bbox 0 0 1194 3856; x_wconf 95' lang='lat' dir='ltr'><strong> </strong></span> 
     </span>
    </p>
   </div>
  </div>
 </body>
</html>
