2378 3856
235 206 337 280 uina.
359 205 408 274 111.
444 204 495 267 uu
515 205 586 264 inu
604 204 677 265 cie.
698 205 720 262 1.
743 210 875 267 13-16.
1001 201 1043 267 47

62 359 195 434 iligimus
211 372 304 419 canes
319 365 348 417 et
363 365 477 418 trucem
492 363 585 432 atque
600 356 822 418 immansuetum
838 358 948 419 bovem
962 360 1043 423 occi·

62 442 163 502 dimus
178 447 208 501 et
221 440 369 502 morbidis
382 440 564 516 pecoribus,
580 455 618 500 ne
631 454 756 516 gregem
770 441 916 515 polluant,
928 443 1044 504 ¹terrum

61 525 255 587 demittimus.
277 530 475 598 portentosos
490 524 570 583 ictus
584 522 822 598 exstinguimus,
837 525 952 587 liberos
967 541 1043 601 quo-

63 624 138 684 que,
163 607 190 668 si
213 607 329 668 debiles
351 607 580 681 monstrosique
593 605 667 668 editi
681 614 766 682 sunt,
781 608 956 683 mergimus.
985 624 1044 669 nec

61 693 122 765 ira,
144 691 201 751 sed
220 690 298 752 ratio
317 697 366 752 est
386 707 404 750 a
424 690 509 751 sanis
530 689 648 765 inutilia
667 705 838 751 secernere.
875 691 924 754 rtit
943 692 1072 753 minuce

62 791 155 849 quam
176 775 276 834 irasci
281 774 456 849 punientem
472 775 574 846 decet,
596 788 665 834 cum
679 788 717 834 eo
732 775 828 850 magis
843 775 884 835 ad
899 776 1043 835 emenda-

61 859 175 920 tionem
190 873 290 932 poena
304 857 459 933 proficiat,
475 857 502 917 si
516 856 629 920 iudicio
644 859 704 926 lata
719 865 775 918 εει.
797 858 872 918 lude
886 866 943 934 est,
960 859 1045 934 quod

63 942 209 1002 Socrates
230 956 322 1001 servo
342 940 398 1002 ait=
418 942 574 1002 caederem
588 947 630 1015 te,
647 943 707 1002 nbi
719 944 877 1003 bomcrer.
906 940 1044 1004 admoni-

62 1026 176 1086 tionem
197 1025 278 1095 servi
298 1025 328 1084 in
349 1032 470 1100 tempus
493 1023 599 1086 sanius
620 1023 750 1097 distulit,
777 1027 828 1086 illo
849 1033 988 1100 ternpore
1008 1039 1044 1085 se

62 1107 232 1170 admonuit=
254 1109 342 1169 cuius
364 1109 420 1169 erit
440 1115 499 1168 tam
521 1115 708 1182 temperatus
724 1109 879 1181 adlectus,
902 1124 969 1168 cum
986 1108 1043 1169 So·

63 1200 162 1252 crates
180 1207 242 1254 nou
258 1193 298 1252 sit
311 1209 406 1252 ausus
421 1207 456 1250 se
470 1191 535 1251 irae
550 1190 757 1253 committeret

125 1275 204 1336 XVL
231 1275 312 1350 Ergo
334 1276 374 1334 ad
395 1275 609 1335 coercitionem
629 1272 793 1353 errantium
811 1271 1071 1335 sceleratorum-1

63 1375 124 1434 que
139 1360 214 1419 irato
230 1359 413 1433 castigatore
427 1374 489 1418 uon
505 1373 584 1431 opus
599 1363 655 1416 est.
677 1372 746 1416 nem
762 1372 831 1416 cum
845 1356 891 1416 ira
901 1357 1042 1418 delictum

62 1442 155 1502 animi
169 1442 224 1516 sit,
240 1458 301 1502 uon
316 1448 437 1515 oportet
450 1447 578 1514 peccata
590 1441 742 1514 corrigere
756 1449 944 1515 peccantem.
965 1440 1044 1514 Quid

62 1532 159 1600 ergo?
178 1541 240 1584 non
255 1524 371 1584 irascar
385 1525 514 1584 latroni?
534 1523 612 1596 Quid
625 1531 720 1598 ergot
740 1540 800 1583 non
822 1524 937 1584 irascar
950 1539 1042 1584 vene·

61 1610 145 1670 ficet
162 1609 238 1668 Non.
261 1607 455 1680 nequeenim
468 1606 541 1669 mihi
555 1608 680 1679 irascor,
697 1623 766 1668 cuni
782 1607 962 1682 sauguinem
976 1607 1043 1668 mit-

62 1701 105 1754 to.
135 1707 224 1753 omne
239 1706 358 1766 poenae
369 1707 469 1766 genus
483 1691 609 1751 remedii
624 1692 693 1752 loco
705 1691 866 1752 admoveo.
886 1691 931 1752 Tu
942 1682 1072 1751 adhu02

61 1778 93 1834 in
108 1777 205 1850 prima
219 1783 305 1850 parte
321 1775 453 1836 versaris
470 1790 609 1835 errorum
622 1789 680 1834 nee
694 1773 826 1849 maniter
839 1774 968 1846 laberis,
986 1775 1043 1833 sed

64 1860 255 1935 frequenter:
277 1859 445 1933 obiurgatio
466 1867 496 1920 tc
516 1858 645 1934 primum
661 1865 796 1933 secreta,
817 1857 930 1917 deinde
944 1857 1042 1931 publi·

64 1949 132 2002 cata
143 1943 306 2004 emendare
317 1942 483 2017 temptabit.
499 1950 531 2003 tu
541 1941 663 2016 longius
674 1942 733 2001 iam
745 1941 934 2016 processisti
951 1956 1044 2016 quam

63 2033 97 2084 ut
112 2028 216 2099 possis
231 2024 333 2086 verbis
348 2027 466 2086 sanari:
488 2026 654 2101 ignominia
670 2025 884 2086 contineberis.
912 2024 965 2084 tibi
981 2025 1043 2084 ior·

64 2109 126 2169 tius
142 2110 257 2184 aliquid
272 2116 302 2169 et
317 2110 400 2183 quod
414 2110 529 2170 sentias
550 2109 730 2170 inurendum
746 2116 808 2168 est=
829 2109 859 2167 in
875 2107 999 2168 exilium
1014 2112 1044 2166 et

62 2195 134 2250 loca
149 2192 251 2265 ignota
265 2192 399 2253 mitteris.
427 2193 458 2253 in
473 2200 502 2252 te
516 2192 639 2253 duriora
652 2193 788 2254 remedia
801 2192 860 2251 iam
876 2191 976 2251 solida
990 2204 1042 2249 ne·

65 2274 162 2349 quitia
183 2275 351 2335 desiderat:
373 2283 403 2334 et
421 2275 544 2336 vincula
563 2275 686 2350 publica
703 2281 733 2333 et
753 2289 858 2334 carcer
873 2272 1042 2333 adhibetur.
1108 2318 1112 2324 .

62 2357 117 2417 tibi
132 2357 310 2420 insanabilis
324 2357 444 2420 animus
459 2366 490 2418 et
503 2357 670 2418 sceleribus
688 2358 806 2417 scelera
822 2362 998 2428 contexens,
1015 2353 1071 2413 ete

63 2441 123 2499 iam
138 2457 199 2501 non
216 2440 334 2514 causis,
350 2456 430 2515 quac
444 2457 609 2516 numquam
622 2441 702 2500 malo
719 2440 877 2500 defuturae
891 2446 977 2512 sun-t,
998 2439 1042 2497 iu-

64 2523 202 2598 pelleris,
230 2525 287 2584 sed
307 2524 382 2584 satis
409 2522 463 2584 tibi
482 2531 530 2585 est
548 2539 658 2598 magna
678 2524 718 2583 ad
740 2523 929 2598 peccandum
949 2537 1044 2582 causa

65 2622 208 2681 peccare,
224 2606 383 2683 perbibisti
397 2605 562 2683 nequitiam
576 2614 606 2667 et
619 2607 661 2668 ita
669 2607 841 2667 visceribus
854 2604 1043 2679 inmiscuisti,

66 2697 97 2750 ut
111 2691 169 2750 nisi
185 2705 253 2750 cum
268 2691 346 2765 ipsis
361 2692 445 2751 exire
460 2707 521 2752 nou
536 2691 650 2766 possit:
666 2690 737 2752 olim
747 2691 845 2752 miser
858 2691 934 2751 mori
950 2705 1043 2770 quae-

64 2773 122 2846 ris,
140 2773 218 2833 bene
233 2774 271 2833 de
285 2780 315 2833 tc
329 2775 525 2847 merebimur,
546 2775 720 2836 auferemus
742 2773 796 2835 tibi
810 2775 899 2834 istam
914 2790 976 2848 qua
990 2788 1042 2831 ve-

65 2857 149 2916 xaris
169 2855 320 2917 insaniam
334 2865 364 2918 ct
383 2873 439 2932 per
453 2866 505 2918 tua
519 2859 680 2933 alienaque
696 2859 830 2918 volutato
846 2856 998 2930 supplicia
1012 2854 1045 2913 id

67 2939 150 3014 quod
166 2955 259 3000 uuum
273 2940 327 3000 tibi
341 2941 455 3001 bonum
471 2948 613 3015 superest
626 2939 941 3015 repraesentabimus,
964 2952 1043 2997 mor-

64 3031 134 3083 tem.
164 3039 257 3096 quare
268 3021 385 3084 irascar
396 3022 445 3084 cui
457 3038 525 3085 cum
536 3021 666 3084 maxime
678 3028 824 3097 prosum?
837 3021 954 3081 interim
966 3019 1043 3096 opti-

65 3123 146 3167 mum
157 3106 385 3169 misericordiae
396 3122 494 3181 genus
512 3113 560 3167 est
575 3106 724 3167 occidere.
747 3105 780 3166 Si
797 3103 959 3166 intrassem
971 3103 1073 3164 vali-l

64 3189 248 3252 budinarium
270 3191 453 3250 exercitatus
475 3200 506 3251 ει
526 3191 627 3250 sciens
643 3198 694 3250 aut
708 3189 818 3250 domus
833 3188 958 3262 divites,
982 3204 1044 3249 non

63 3274 144 3334 idem
159 3273 361 3349 imperassem
376 3274 516 3334 omnibus
531 3289 587 3349 per
599 3272 723 3333 diversa
733 3272 969 3347 aegrotantibus.
992 3287 1043 3329 va-

63 3355 109 3416 ria
124 3357 155 3416 in
169 3364 214 3418 tot
229 3356 339 3417 animis
354 3356 425 3416 vitia
439 3357 530 3418 video
546 3366 576 3418 et
593 3355 705 3417 civitati
721 3356 874 3417 curandae
891 3351 1045 3415 adhibitus

64 3456 148 3500 sum:
169 3457 226 3516 pro
241 3442 392 3516 cuiusque
406 3440 512 3501 morbo
526 3439 677 3501 medicina
693 3445 864 3515 quaeratur.
900 3437 981 3496 hune
996 3450 1044 3496 sa·
