2378 3856
182 197 236 257 AD
258 196 443 257 MARCIAM
462 195 513 260 DE
536 194 836 271 CONSOLATIONE.
859 203 901 257 16.
918 204 961 258 17.
1000 193 1061 273 127

85 355 179 424 teque
194 345 391 421 inquietares,
413 352 540 417 mortem
560 352 591 404 et
603 345 724 405 timeres
747 352 777 404 et
792 353 917 420 optares
933 353 962 407 et
977 347 1063 422 quod

85 438 135 490 est
155 428 339 503 pessimum,
360 443 529 502 numquam.
539 429 650 501 scires,
672 429 759 494 cuius
780 443 868 490 esses
890 435 997 498 status.
1030 429 1061 493 Si

87 513 157 588 quis
166 511 341 590 Syracusas
350 509 599 585 petentidiceret=
612 511 735 584 „omnio
741 512 943 587 incommoda,
954 529 1064 575 omnes

85 596 260 673 voluptates
287 595 405 662 futurae
428 592 679 671 peregrinationis
705 601 776 655 tuae
805 601 875 657 ante
896 611 1095 676 cognosce„

86 678 200 739 deinde
214 679 255 737 ita
269 677 388 752 naviga.
410 677 491 738 haec.
501 683 584 750 suut,
597 692 677 752 quae
689 677 790 741 mirari
804 678 926 752 possis:
941 678 1062 747 uidebis

86 761 218 837 primum
229 761 329 835 ipsam
339 761 468 829 insulare
483 760 619 828 abitalia
632 768 762 835 angusto
778 761 985 829 interscissam
1003 763 1061 825 ire-

85 853 129 918 to,
142 860 233 921 quam
248 843 412 904 continenti
425 843 580 919 quondam
591 843 770 911 cohaesisse
778 851 906 910 constat.
929 844 1064 910 subitum

88 930 140 989 ilio
157 943 239 992 niune
253 927 365 1002 inrupit
377 934 409 987 et
734 996 736 1002 ¹

309 1011 484 1086 Hesperium
497 1009 596 1078 Senio
609 1012 688 1076 totus
697 1012 830 1082 menen

87 1092 201 1152 deinde
215 1093 343 1168 videbis,
358 1093 460 1154 licebit
477 1093 557 1167 enim
571 1093 624 1153 tibi
638 1093 849 1159 avidissimum
864 1091 958 1156 maris
973 1093 1062 1153 verti-

87 1191 155 1236 cem
180 1176 379 1254 restringere,
410 1183 537 1249 stratam
563 1175 645 1248 ittam
672 1176 843 1245 fabulosam
869 1175 1062 1252 charybdim

89 1259 234 1332 quamdiu
245 1259 284 1318 ab
296 1265 400 1335 austro
409 1267 507 1331 vacat,
523 1265 553 1331 at
567 1258 594 1320 si
606 1257 680 1332 outo
694 1259 766 1324 inde
777 1257 985 1325 veneremur
1000 1258 1062 1331 spi-

86 1343 173 1414 ravit,
190 1358 299 1419 magno
314 1341 398 1407 hiatu
411 1340 628 1417 prolundoquc
643 1341 768 1415 navigia
779 1340 961 1408 sorbentem.
979 1340 1061 1404 vide·
1077 1345 1094 1401 2

86 1426 135 1487 bis
155 1423 427 1498 celebratissimum
448 1423 630 1494 carminibus,
651 1423 762 1488 iontem
778 1422 976 1495 Arethusam,
999 1423 1064 1482 niti-

87 1507 207 1569 dissimi
222 1523 258 1569 ac
278 1507 427 1587 perlucidi
442 1507 482 1569 ad
496 1508 588 1575 imunt
610 1507 718 1583 stagni,
739 1506 945 1582 gelidissimas
966 1521 1067 1580 aquas

90 1589 334 1664 profundentem,
351 1589 417 1659 sive
431 1589 498 1653 illas
513 1588 554 1661 ibi
568 1589 698 1664 primum
714 1589 869 1651 nascentis
883 1590 1006 1662 invenit,
1023 1589 1063 1649 si-

89 1689 129 1732 ve
150 1673 251 1746 ipsum
266 1672 399 1739 interris
414 1671 528 1739 flumen
551 1671 700 1748 integrum
716 1673 820 1738 subter
834 1679 878 1734 tot
891 1673 988 1735 maria
1001 1681 1065 1751 eta

88 1756 272 1823 contusione
286 1756 400 1829 peioris
412 1757 515 1827 undae
529 1764 682 1824 servatum
693 1757 835 1831 reddidit.
859 1756 977 1822 videbis
992 1757 1096 1830 por-4

89 1848 150 1900 turn
167 1837 389 1913 quietissimum
401 1839 542 1912 omniunt,
564 1856 643 1916 quos
659 1849 710 1906 ant
724 1846 832 1904 natura
849 1839 954 1913 posuit
972 1839 1004 1898 in
1018 1846 1063 1898 tu-

88 1924 179 1992 telam
194 1923 338 1999 classium
353 1930 404 1993 aut
418 1922 536 1992 adiuuit
546 1939 664 1998 monus,
680 1922 726 1990 sic
742 1930 847 1996 tutum,
868 1929 900 1984 ut
914 1938 954 1992 na
968 1921 1062 1982 maxi·

88 2021 205 2074 marum
220 2007 342 2085 quidem
355 2014 570 2083 tempestatum
588 2007 675 2076 locus
692 2007 785 2068 iurori
801 2005 848 2067 sit.
876 2005 994 2066 videbis
1011 2004 1064 2064 ubi

88 2088 277 2149 Athenarum
294 2091 427 2163 potentia
449 2091 552 2163 iracta,
573 2090 624 2149 ubi
643 2098 688 2150 tot
703 2090 786 2156 mitia
806 2088 993 2163 captivorum
1014 2087 1064 2148 itte

89 2172 203 2241 excisis
222 2171 252 2230 iu
267 2170 412 2242 infinitam
435 2172 620 2237 altitudinem
643 2173 727 2233 saxis
747 2172 868 2237 nativus
891 2185 996 2232 carcer
1018 2166 1062 2229 in-

89 2257 230 2326 cluserat,
253 2255 350 2331 ipsam
372 2255 523 2328 ingentem
543 2254 693 2316 civitatem
714 2260 743 2312 et
763 2254 864 2320 laxius
883 2253 1065 2320 territorium

89 2355 182 2414 quarn
197 2338 356 2401 multarum
370 2338 490 2404 urbium
504 2338 584 2402 fines
597 2343 676 2411 sunt,
690 2334 880 2412 lepidissima
893 2335 1021 2395 hiberna
1035 2340 1065 2397 ct

89 2422 206 2492 nullum
224 2421 304 2483 diem
325 2420 391 2492 sine
411 2420 582 2484 interventu
601 2420 686 2479 solis.
716 2417 779 2480 Sed
799 2434 867 2479 cum
888 2418 988 2485 omnia
1007 2415 1097 2479 isus

90 2506 281 2580 cognoveris,
298 2502 400 2580 gravis
422 2512 452 2564 et
465 2502 631 2567 insalubris
650 2509 751 2567 aestas
773 2502 891 2567 hiberni
912 2501 991 2562 coeii
1010 2499 1062 2558 be-

89 2588 200 2647 neficia
219 2589 391 2666 corrumpit.
416 2587 471 2656 crit
490 2587 657 2665 Dionysius
678 2585 739 2653 iilic
757 2594 905 2663 tyrannus
914 2631 926 2659 ‚.
944 2583 1063 2645 liberta·

89 2672 137 2743 tis,
161 2671 300 2746 iustitiae,
321 2673 423 2746 legum
437 2671 575 2745 exitium,
594 2669 807 2736 dominationis
823 2669 954 2743 cupidus
974 2667 1064 2727 etiarn

89 2760 163 2828 post
188 2754 357 2828 Platonem,
387 2756 466 2820 vitae
494 2756 583 2815 etiarn
613 2762 685 2830 post
710 2751 848 2817 exilium:
882 2753 958 2812 alios
987 2757 1063 2822 uret,

90 2836 168 2894 aiios
182 2836 362 2914 verberabit,
384 2839 460 2902 alios
483 2839 522 2901 ob
536 2840 635 2907 levem
656 2836 806 2897 offensam
826 2833 999 2898 detruncari
1019 2833 1064 2891 iux

89 2919 187 2990 babit,
210 2926 347 2979 accenset
367 2921 407 2984 ad
426 2919 580 2988 libidinem
606 2934 706 2979 mares
727 2917 917 2990 feminasque
938 2920 969 2973 et
988 2915 1066 2972 inter

91 3003 201 3062 loedos
227 3000 332 3074 regiae
352 3002 602 3076 intemperantiae
622 3015 732 3074 greges
761 3014 872 3072 parum
900 2995 957 3063 erit
977 2995 1064 3066 simul

90 3085 170 3144 binis
186 3085 277 3151 coire.
306 3083 429 3142 Audisti
451 3083 524 3158 quid
538 3091 568 3142 te
583 3083 710 3142 invitare
724 3081 832 3156 possit,
855 3079 928 3155 qnid
949 3079 1065 3140 abster·
1180 3128 1184 3138 .

89 3183 173 3231 rere:
196 3167 324 3242 proinde
339 3173 393 3226 aut
406 3166 518 3240 naviga
532 3174 583 3226 aut
596 3165 737 3225 resiste.“
764 3164 838 3224 Post
849 3163 928 3223 hanc
950 3164 1064 3222 denun—
1079 3169 1097 3223 6

90 3248 244 3321 lintioncm
259 3251 286 3310 si
301 3250 370 3326 quis
390 3248 518 3311 dixisset
531 3249 642 3309 intrare
666 3265 701 3315 se
716 3248 888 3325 Syracusas
906 3247 993 3317 uelle,
1016 3260 1064 3304 sa-

90 3332 171 3391 tisne
184 3334 294 3394 iustam
310 3333 466 3409 querclam
486 3332 525 3393 de
545 3335 606 3394 ulto
628 3333 687 3392 nisi
707 3334 745 3392 de
767 3347 800 3391 se
821 3331 934 3390 habere
956 3324 1064 3401 possit,

92 3413 147 3489 qui
157 3430 219 3482 non⁴
229 3417 389 3478 incidisset
397 3415 428 3476 in
439 3415 499 3490 illa,
520 3417 575 3476 scd
586 3417 721 3493 prudens
735 3415 899 3487 sciensque
910 3409 1065 3471 venisset?
