2378 3856
294 201 346 262 nn
369 199 588 288 cmunmm
607 199 679 262 nra.
691 200 714 261 1.
735 205 868 262 n-u.
1003 193 1065 260 aar

44 365 46 407 3
92 357 153 414 ista
165 351 267 417 rabies
281 360 330 412 est
343 353 492 426 sauguine
501 352 638 426 gaudere
648 367 685 411 ac
697 349 889 426 vomeribus,
903 358 935 411 et
944 349 1064 415 abiecm

89 437 217 498 tremine
227 436 260 501 in
276 436 415 503 silvestro
429 434 540 495 animal
557 435 702 496 tranare,

156 520 249 579 xxv.
270 519 349 592 Quid
370 519 450 578 enlm
469 518 608 590 interest,
627 533 684 578 aro
702 525 747 590 te,
770 516 961 592 Alexander,
983 517 1063 578 leoni
1079 521 1095 574 1

90 601 309 682 Lysimachum
324 601 442 665 obicias
456 617 495 662 aa
510 602 579 676 ipse
592 602 710 661 laceres
722 599 865 662 dentibus
880 603 960 663 tuist
980 609 1064 665 tuum

91 704 131 749 oe
154 692 214 757 cst,
239 693 290 745 tua
312 687 361 747 illa
380 685 492 745 feritas.
529 683 660 759 equam
675 698 806 758 cuperes
821 684 876 746 tibi
890 684 993 757 potius
1007 702 1063 747 un·

75 785 172 846 -gues
194 784 280 842 esse,
303 768 356 828 tibi
375 767 484 828 rictum
500 768 582 828 illum
597 767 787 829 edendorum
802 766 958 830 hominum
971 783 1063 842 capa·

90 859 183 914 cem-‘t
217 852 283 912 lion
302 851 451 925 exigimus
473 857 550 923 ata,
573 859 605 912 ut
619 866 728 912 manus
743 851 815 924 ista,
839 851 962 913 exitium
978 851 1062 913 lami·

91 936 212 997 liarium
235 935 450 1008 certissimum,
480 935 532 995 ulli
554 935 696 995 salutaris
717 934 775 1007 sit,
804 941 837 994 ut
862 935 920 995 isle
944 934 1062 996 animus

90 1022 196 1089 ferox,
220 1017 389 1093 insatiabile
408 1019 543 1093 gentium
563 1020 690 1092 malurn,
710 1018 785 1078 eitra
799 1019 978 1092 sauguinem
995 1033 1063 1079 eae-

92 1105 226 1176 demque
247 1103 386 1162 satiatnrz
409 1102 598 1162 elementiam
620 1118 711 1173 voca,
733 1103 785 1162 ubi
800 1102 840 1162 ad
861 1102 1064 1164 occidendum

92 1186 223 1245 arnieuru
244 1186 379 1245 carnifex
400 1186 478 1243 iuter
499 1184 637 1244 homiues
660 1184 789 1258 eligitur.
825 1184 891 1244 Hoc
906 1192 955 1246 est
970 1187 1096 1261 quarel

92 1270 142 1329 vel
164 1269 294 1334 maxime
312 1267 517 1329 abominanda
531 1268 571 1326 sit
585 1265 726 1338 saevitia,
751 1267 834 1342 quod
850 1268 972 1329 excedit
985 1269 1063 1328 lines
1130 1324 1133 1330 .

92 1351 223 1428 primum
242 1350 366 1424 solitos,
395 1350 506 1411 deinde
525 1349 685 1411 humanos.
718 1366 799 1411 novo
819 1351 972 1425 supplicia
992 1367 1064 1413 con·
1105 1355 1110 1362 '

92 1433 192 1511 quirit,
208 1433 361 1510 ingenium
374 1435 514 1506 advocat,
528 1434 727 1494 instrumento
738 1434 900 1508 excogitat,
919 1451 974 1509 per
985 1449 1064 1510 quae

90 1518 225 1579 varietur
239 1526 332 1593 atque
353 1517 534 1578 extendatur
553 1517 656 1591 dolor,
677 1524 708 1577 et
721 1518 886 1579 delectetur
900 1519 988 1579 molis
1008 1518 1061 1577 ho·

91 1603 214 1661 minum.
249 1604 333 1661 Tunc
354 1602 403 1660 ille
424 1601 508 1661 diuis
529 1601 620 1661 animi
635 1602 760 1661 morbus
776 1601 815 1660 ad
829 1599 979 1660 insaniam
992 1597 1094 1678 per-3

93 1687 176 1745 venit
187 1684 335 1758 nltimam,
356 1701 424 1744 curn
440 1685 606 1745 crudelitas
622 1699 712 1744 versa
726 1693 774 1745 est
787 1683 817 1744 in
834 1686 1019 1759 voluptatem
1033 1693 1064 1744 et

91 1769 152 1828 iam
172 1767 314 1828 occidere
333 1767 486 1828 homiuem
507 1769 605 1828 iuvatr
630 1784 700 1827 nam
720 1769 809 1828 talem
831 1767 929 1826 virum
944 1784 962 1827 a
976 1775 1062 1843 tergo

81 1850 230 1925 sequitur
249 1851 385 1923 eversio,
409 1851 495 1924 odia,
518 1867 652 1924 venena,
671 1851 773 1926 gladii.
793 1857 853 1912 tam
867 1852 968 1913 multis
985 1852 1063 1926 peri-

91 1933 171 2015 culis
183 1933 301 2008 petitur,
315 1950 406 2009 quam
416 1937 577 1996 multorum
589 1934 658 2011 ipse
670 1935 838 2010 periculum
850 1942 906 2008 est,
923 1934 1062 2010 privatis·
1171 1983 1173 1986 Α

92 2033 153 2092 qne
180 2033 407 2092 nonnumquam
434 2019 586 2092 consiliis,
615 2019 691 2079 alias
717 2035 791 2080 vero
817 2018 1063 2081 consternatione

92 2100 214 2175 publica
225 2101 466 2162 circumvenitur.
485 2103 561 2162 levis
573 2103 694 2161 enimet
706 2102 824 2176 privata
836 2101 989 2176 pernicies
1001 2117 1063 2162 uon

90 2191 171 2244 totas
186 2183 279 2245 urbes
294 2193 411 2245 movet:
434 2186 518 2258 quod
533 2187 592 2246 late
608 2186 709 2244 lurore
724 2186 827 2259 coepit
840 2192 871 2245 et
885 2200 992 2246 omnes
1010 2184 1061 2246 ad-

92 2273 173 2342 pem,
190 2268 327 2343 undique
342 2268 512 2343 configitur.
542 2267 709 2343 Serpentes
725 2269 871 2343 parvulae
886 2268 991 2328 talluut
1005 2273 1092 2328 nect

91 2350 212 2425 publice
224 2352 457 2426 conquirunturz
473 2351 524 2412 ubi
536 2353 638 2427 aliqua
648 2351 768 2410 solitam
779 2366 953 2412 mensuram
964 2352 1061 2413 trans-

89 2435 123 2494 iit
144 2440 175 2493 et
195 2434 223 2493 in
245 2441 413 2496 monstrum
436 2434 587 2507 exerevit,
610 2433 661 2495 ubi
684 2435 784 2495 tontes
809 2441 885 2509 potu
904 2432 1008 2496 iniecit
1022 2441 1061 2508 et,

90 2515 273 2587 similavit,
296 2518 395 2578 deurit
411 2519 597 2592 obteritque,
620 2533 814 2594 quacumque
836 2518 976 2590 incessit,
997 2517 1061 2579 bal·

90 2601 167 2661 listis
182 2601 300 2674 petitur.
333 2600 569 2662 Possuntverba
578 2602 655 2661 dare
665 2608 695 2660 et
706 2601 839 2662 evadere
851 2602 962 2676 pusilla
973 2603 1061 2676 niolo,

89 2682 261 2758 ingentibus
293 2685 414 2745 obviam
443 2687 511 2745 itur.
547 2684 604 2744 Sic
629 2701 709 2746 unus
736 2701 828 2760 aeger
856 2701 913 2745 nec
938 2685 1094 2744 domumb

90 2765 213 2841 quidem
236 2768 398 2840 perturbat
434 2776 465 2827 at
483 2767 535 2826 ubi
556 2769 671 2829 crebris
692 2768 839 2828 mortibus
861 2768 1062 2843 pestilentiam

89 2865 160 2909 esse
186 2849 342 2924 adparuit,
369 2849 570 2910 conclamatio
590 2848 719 2910 civitatis
740 2865 776 2908 ac
801 2851 874 2923 rugo
894 2855 993 2910 estet
1013 2848 1060 2909 dis

89 2933 166 3008 ipsis
187 2949 295 2994 nrauus
318 2933 508 2992 intentantur.
541 2931 604 2992 Sub
627 2949 689 2992 uno
712 2932 815 3006 aliquo
837 2939 916 2992 tecto
938 2930 1061 2992 flamma

46 3061 48 3064 >
88 3018 248 3091 adparuit:
282 3015 394 3076 familia
415 3015 567 3092 vicinique
586 3031 699 3090 aquam
719 3015 868 3090 ingerunt.
903 3022 934 3075 at
957 3015 1060 3076 incen-

87 3101 170 3159 dium
186 3109 306 3161 vastum
321 3107 351 3160 et
367 3100 476 3159 multas
492 3100 550 3158 iam
566 3099 675 3159 domos
691 3100 853 3174 depastum
869 3105 953 3173 parte
974 3097 1058 3159 urbis

87 3185 232 3244 obruitur.

92 3303 93 3306 =
149 3267 255 3328 XXVI.
280 3269 489 3328 Crudelitatem
512 3267 697 3342 privatorum
713 3266 842 3326 serviles
858 3280 982 3341 quoque
998 3280 1059 3324 ma·
1073 3273 1089 3326 1

87 3351 146 3410 nus
172 3351 230 3411 sub
256 3360 338 3414 certo
359 3352 460 3411 crucis
482 3350 617 3425 periculo
640 3351 720 3410 ultae
741 3357 831 3410 sunt:
863 3356 1061 3427 tyrannorum

85 3442 194 3510 gentes
218 3435 387 3510 populique
408 3440 438 3493 et
458 3449 587 3508 quornm
609 3439 674 3493 erat
695 3435 804 3493 malum
828 3432 908 3493 ethi
949 3431 1061 3492 nuribus
