2378 3856
167 169 229 231 190
381 168 414 228 L.
426 167 571 227 ANNnEl
588 166 763 228 SENECAE
776 168 879 228 olan.
894 168 945 229 tx.

168 320 324 396 pentibus,
352 333 432 393 quae
456 319 486 377 in
511 333 662 378 summum
686 332 849 392 cacumen,
873 318 988 379 deinde
1003 319 1036 379 iu
1051 320 1140 383 imum

165 405 272 465 inanes
287 409 434 477 aguntur:
461 401 508 461 iris
523 399 662 476 plerique
677 400 805 460 similem
820 401 912 461 vitam
927 411 1051 481 agunt„
1066 420 1139 479 quo

136 498 230 551 erum
254 502 316 546 non
336 486 474 545 inmerito
497 485 566 559 quis
581 484 746 559 inquietam
761 485 900 545 inertiam
913 484 1057 547 dixeritis
1060 486 1139 561 Quo·

164 571 302 632 rumdam
319 569 408 645 quasi
420 568 461 628 ad
470 565 645 629 incendium
657 567 839 627 currentium
852 568 1027 629 misererier
1041 586 1140 647 usque

166 670 203 714 eo
223 653 371 728 inpellunt
391 651 502 713 obvios
517 659 597 712 etse
612 652 751 726 aliosque
766 650 983 726 praecipitant,
1010 668 1082 715 cum
1094 654 1138 713 in·

166 739 250 797 terim
275 743 473 798 cucurrerunt
487 744 540 796 aut
553 734 710 795 salutaturi
733 734 866 809 aliquem
880 750 942 796 non
957 737 1138 799 meaiolatu·

165 837 233 881 rum
244 828 297 880 aat
306 821 396 879 lunus
410 818 504 892 ignoti
515 817 646 879 hominis
658 818 865 893 prosecuturi,
877 826 930 881 aut
940 819 986 879 ad
994 819 1138 881 iudicium

166 918 262 977 saepe
276 902 420 976 litigantis
435 909 487 961 aut
504 901 544 959 ad
557 900 715 975 sponsalia
729 916 825 976 saepe
839 900 999 977 nubentis,
1013 910 1045 963 et
1057 904 1137 965 leeli-

166 1002 233 1045 eam
259 985 407 1045 adsectati
433 983 617 1058 quibusdam
642 984 719 1044 iocis
739 984 829 1044 etiam
852 985 995 1045 tulerunt
1029 987 1138 1049 deinde

166 1069 290 1128 domum
307 1083 374 1127 cum
389 1081 583 1142 supervacua
597 1066 760 1128 redeuntes
774 1067 957 1129 lassitudine
969 1068 1075 1131 iurant
1087 1086 1137 1131 ne·

166 1152 265 1210 scisse
283 1157 342 1224 [se]
356 1150 459 1226 ipsos,
476 1165 571 1225 quere
586 1151 728 1225 exierint,
743 1150 795 1211 ubi
811 1151 930 1225 luerint,
945 1160 1076 1228 postero
1090 1154 1137 1215 die

136 1235 292 1301 serraturi
313 1250 369 1310 per
390 1235 498 1295 eadem
514 1234 565 1293 ilia
577 1233 716 1308 vestigia.
750 1233 855 1295 Omnis
868 1236 972 1311 itaque
985 1237 1076 1297 labor
1088 1236 1138 1297 aii·

167 1335 228 1393 quo
244 1319 408 1391 reseratur,
431 1319 534 1394 aliquo
549 1317 702 1392 respiciat
733 1317 799 1379 Non
814 1317 964 1379 industria
974 1320 1138 1396 inquietos,

165 1403 219 1463 sed
236 1402 362 1463 insanos
385 1403 482 1462 luisae
502 1416 603 1462 rerum
624 1400 773 1477 imagines
794 1402 917 1476 agitant.
951 1418 1024 1463 nam
1044 1420 1086 1466 ne
1098 1404 1137 1464 iiii

167 1485 291 1560 quidem
312 1486 378 1545 sine
392 1485 496 1559 aliqua
510 1500 568 1558 spe
582 1492 757 1546 moventur:
783 1485 910 1560 proritat
925 1486 996 1547 ilios
1011 1486 1138 1549 alicuius

166 1568 211 1627 rei
234 1569 372 1642 species,
399 1569 484 1628 cuius
511 1569 673 1627 vanitatem
695 1576 786 1644 capta
805 1584 892 1629 mens
911 1584 975 1630 non
992 1569 1138 1647 magula

138 1651 282 1712 tEodem
308 1652 400 1712 modo
421 1666 670 1726 unumquemque
691 1667 730 1712 ex
751 1651 816 1725 his,
841 1652 894 1727 qui
914 1653 1139 1728 adaugendam

165 1734 284 1795 turbam
299 1741 424 1807 exeunt,
441 1735 549 1795 inanes
565 1741 595 1793 et
608 1735 693 1794 leves
705 1750 816 1795 causae
825 1751 882 1811 per
893 1737 1002 1797 urbem
1012 1737 1138 1799 circum·

166 1819 281 1878 ducunt
294 1818 430 1891 nihilque
443 1818 621 1890 habentem,
637 1817 667 1899 in
683 1819 767 1893 quod
782 1818 916 1893 laboret,
936 1820 992 1880 lux
1006 1828 1076 1881 orta
1088 1837 1138 1881 ex·

166 1900 265 1974 pellit,
288 1908 318 1960 et
341 1916 409 1960 eum
430 1902 591 1961 multorum
607 1903 719 1961 frustra
735 1901 887 1963 liminibus
900 1903 1001 1963 illisus
1015 1920 1138 1967 nomen

166 1983 319 2044 culatores
335 1985 546 2057 persalutavit,
560 2001 580 2044 a
592 1984 693 2044 multis
706 1987 851 2046 exclusus
861 1987 1014 2047 neminem
1026 2004 1067 2049 ex
1078 2004 1139 2049 om·

137 2067 256 2128 inibus
281 2066 435 2128 diliiciiius
461 2067 544 2127 domi
570 2084 661 2143 quam
686 2085 722 2128 se
742 2070 893 2130 convenit
924 2069 972 2130 Ex
985 2069 1048 2131 hoc
1061 2072 1139 2131 meio

166 2151 407 2225 dependetiliud
421 2152 661 2212 teterrimum
675 2151 825 2225 vitium,
846 2154 1140 2216 auscultatioet

166 2234 410 2308 publicorum
432 2242 751 2312 secretorumque
766 2237 979 2310 inquisitio
995 2240 1138 2299 etmul-

164 2325 288 2379 taram
302 2335 426 2379 rerum
440 2320 622 2392 scientia,
640 2335 737 2394 quae
754 2335 822 2380 nec
836 2327 917 2380 tuto
933 2327 1140 2383 narrantur

166 2401 566 2463 neetutoaudiuntur.
1032 2436 1039 2447 ·

138 2493 152 2543 1
224 2485 300 2545 XiiL
333 2486 400 2546 Hoc
426 2493 564 2546 secutum
588 2492 663 2560 puto
685 2486 890 2548 Democritum
916 2488 958 2547 ita
977 2488 1138 2563 coepisse

166 2567 224 2638 Qui
235 2572 394 2642 tranquille
405 2573 480 2629 volet
490 2571 600 2642 vivere,
615 2573 816 2646 acaprivatim
827 2576 900 2646 apat
908 2574 1003 2632 matta
1012 2588 1072 2635 aec
1078 2589 1139 2649 ptr-

165 2652 254 2723 blice,
280 2651 321 2710 ad
341 2667 535 2725 supervacua
549 2651 666 2713 seilicet
680 2653 871 2714 referentem.
904 2670 976 2715 nam
989 2655 1019 2716 si
1032 2670 1138 2716 neees-

166 2733 247 2793 saria
262 2741 346 2807 sunt,
362 2740 392 2794 et
406 2735 547 2810 privatim
561 2743 591 2795 et
605 2735 728 2811 publiea
743 2752 805 2799 nott
820 2744 936 2799 tanturn
952 2741 1064 2813 inuita,
1085 2737 1139 2799 sed

164 2818 393 2879 innumerabilia
404 2820 524 2894 agenda
536 2826 621 2879 sunt:
636 2819 700 2880 ubi
715 2835 788 2880 vero
801 2822 948 2883 nulium
960 2822 1139 2882 officium

103 2896 106 2903 '
136 2902 1032 2976 tsoilemnenoscitat,inhibendaeactiones.
1064 2904 1139 2965 llam

166 2987 218 3061 qui
233 2987 326 3047 multa
340 2987 411 3061 agit,
427 3003 522 3062 saepe
537 2988 677 3048 fortunae
688 2993 872 3062 potestatem
887 2986 936 3050 sui
949 2990 1032 3063 iacit,
1049 3004 1140 3065 quarn

164 3068 347 3128 tutissimum
362 3079 409 3129 est
421 3087 493 3131 raro
509 3070 659 3145 experiri,
681 3078 815 3132 ceterum
830 3087 954 3148 semper
967 3072 1008 3135 de
1022 3073 1076 3135 iiia
1089 3089 1138 3133 co·

164 3150 260 3224 gitare
285 3160 315 3210 et
338 3151 410 3211 nihii
435 3153 494 3213 sibi
515 3154 554 3212 de
569 3154 630 3213 lide
645 3154 711 3213 eius
727 3155 912 3228 promittere.
945 3156 1139 3232 „Navigaba

165 3233 222 3294 nisi
240 3234 266 3293 si
283 3234 356 3309 quid
370 3235 518 3296 inciderit.
528 3241 547 3269 “
570 3244 600 3296 et
613 3243 763 3310 „praetor
776 3238 861 3311 flant,
879 3240 938 3299 nisi
953 3239 981 3299 si
996 3240 1072 3316 quid
1087 3239 1127 3301 ob

165 3318 308 3379 stiterit.“
340 3325 371 3377 et
394 3363 412 3392 „
423 3318 587 3394 negotiatio
613 3318 685 3379 mihi
707 3321 930 3398 respondebit,
949 3323 1053 3385 nisisi
1068 3322 1141 3399 quid

134 3402 392 3462 linternenerit.“
414 3403 481 3464 Hoc
496 3410 544 3463 est
560 3419 654 3479 quare
668 3405 798 3480 sapienti
810 3405 883 3464 nihii
898 3414 1007 3469 contra
1021 3407 1140 3485 opinio·
