2378 3856
295 183 397 243 nint.
412 185 450 242 V.
479 183 530 248 bit
548 183 619 244 len
638 179 712 243 [ΑΒ.
727 184 776 242 lll.
801 190 885 244 1-3.
1036 186 1078 249 81

100 333 211 399 modus
235 331 352 398 uirium.
384 333 647 408 Denique‘cetera
662 331 801 406 singulos
823 331 1005 406 corripiunt,
1029 333 1107 399 hicn

98 433 179 477 unus
195 415 334 477 adiectus
349 423 405 490 est,
422 416 473 492 qui
485 414 636 477 interdum
648 414 771 490 publice
786 415 964 489 concipitur.
992 433 1078 478 num-

99 516 191 575 quam
204 499 341 574 poputus
356 499 519 561 uniuersus
536 499 667 561 lerninae
682 515 787 559 amore
801 497 957 575 flagravit,
976 515 1033 561 nec
1047 501 1077 566 in

98 582 261 658 pecuniam
273 592 328 647 aut
347 584 464 646 lucrum
477 591 542 646 tcta
557 581 666 645 civitas
688 597 776 657 spem
791 599 880 643 suam
894 583 985 654 misit.
1015 601 1077 644 am-

98 665 171 728 bitio
187 666 296 733 uiritim
311 666 450 741 singulos
466 674 606 742 occupat.
637 664 806 741 inpotentia
823 682 884 731 non
903 673 952 726 est
965 668 1077 728 malum

98 750 269 825 publicumz
285 764 382 825 saepe
396 751 427 810 in
442 749 595 816 iramunc
610 750 731 824 agmine
745 750 817 810 itum
830 758 887 810 est.
909 749 975 822 viri,
993 752 1106 813 femi-3

96 849 171 905 nac,
201 848 305 906 senes,
335 835 437 908 pueri,
465 833 621 909 principes
642 835 816 909 volgusqne
838 848 1027 894 consensere
1047 843 1078 896 et

95 925 160 977 tota
175 917 333 978 multitudo
348 916 545 992 paucissimis
564 917 668 978 verbis
689 917 841 978 concitata
855 916 959 992 ipsum
974 918 1076 982 conci-

94 1008 224 1061 tatorem
245 1000 420 1067 antecessit.
453 1001 493 1060 ad
512 1016 597 1063 arma
619 1001 759 1076 protinus
785 1000 937 1076 ignesque
958 1001 1075 1063 discur-

94 1100 163 1146 sum
180 1091 228 1144 est
249 1092 279 1147 et
295 1081 413 1147 indicta
428 1083 564 1149 finitimis
585 1084 666 1144 belia
681 1093 733 1146 aut
752 1089 840 1158 gesta
858 1100 930 1145 cum
945 1085 1074 1146 civibus.

94 1175 176 1228 totae
196 1183 267 1232 cum
279 1168 379 1242 stirpe
401 1167 482 1232 omni
501 1177 653 1228 crematae
668 1168 779 1233 demus
796 1174 827 1225 et
840 1168 933 1229 modo
950 1169 1104 1244 eloqui04

94 1249 272 1313 lavorabilis
287 1249 410 1311 habitus
426 1250 468 1323 [in
480 1252 576 1314 multo
591 1249 722 1322 honore]
738 1251 812 1312 iram
829 1266 904 1315 suae
917 1252 1075 1314 concionis

93 1334 225 1408 excepit.
258 1335 289 1400 in
306 1333 527 1408 imperatorem
551 1350 639 1394 suum
665 1332 804 1408 legiones
825 1334 888 1408 pila
910 1340 1074 1397 torserunt.

93 1417 225 1483 dissedit
248 1415 341 1491 :plebs
369 1424 519 1481 tetecum
545 1417 692 1491 patribus.
725 1417 882 1491 publicum
903 1418 1073 1492 consilinm,

93 1509 220 1563 senatus
234 1516 299 1565 non
310 1499 502 1574 ,exspectatis
520 1500 689 1565 delentibus
703 1516 760 1561 nec
775 1501 929 1567 nominato
946 1501 1074 1576 impera-

93 1591 160 1642 tore
175 1583 293 1647 subitos
306 1585 372 1647 irae
381 1599 462 1648 ‚snae
475 1584 572 1650 ducas
588 1583 661 1658 legit
673 1600 709 1645 ac
724 1593 874 1660 pertenta
890 1585 975 1651 urbis
988 1587 1074 1651 nobi·

92 1666 131 1726 lis
148 1675 344 1730 consectatus
363 1666 448 1728 viros
464 1668 649 1744 supplicium
664 1685 753 1732 manu
768 1668 911 1744 sumpsit.
944 1670 1102 1733 violataes

92 1750 261 1824 legationes
276 1758 366 1826 rupto
379 1752 445 1816 iure
461 1753 594 1828 gentium
608 1753 774 1828 rabiesque
788 1756 842 1825 tia]
859 1752 984 1813 inlanda
999 1752 1072 1812 civi-

92 1841 184 1899 tatem
196 1835 270 1896 tulit.
292 1850 349 1896 nec
361 1837 465 1899 datum
474 1842 611 1911 tempus,
625 1853 689 1912 quo
699 1837 851 1902 :resideret
860 1845 961 1897 tumor
974 1836 1072 1910 publi-

92 1933 165 1989 cus,
182 1918 239 1980 sed
253 1919 404 1983 deductae
420 1920 560 1994 protinus
575 1921 694 1981 classes
709 1927 739 1980 ct
749 1927 899 1983 oneratae
913 1919 1073 1980 tumultua-

91 2001 138 2059 rio
158 2002 259 2065 milite.
291 2003 358 2062 sine
378 2019 478 2076 more,
502 2002 569 2064 sine
585 2003 732 2078 auspiciis
749 2003 885 2079 populus
901 2004 995 2063 ductu
1008 2003 1073 2063 irae

91 2099 168 2144 suae
183 2100 328 2158 egressus
343 2087 465 2147 fortuita
476 2093 627 2162 raptaque
644 2103 701 2161 pro
715 2087 807 2148 armis
824 2086 936 2160 gessit,
960 2085 1073 2146 deinde

91 2182 204 2240 magna
224 2168 311 2228 clade
330 2168 528 2231 temeritatem
545 2170 673 2229 audacis
690 2169 753 2228 irae
768 2170 830 2230 luit.
858 2169 915 2231 Hic
932 2169 1101 2239 barbaries

91 2252 171 2310 torte
186 2250 359 2312 viventibus
374 2252 404 2310 in
427 2253 507 2312 bella
522 2253 623 2317 exitus
638 2261 694 2312 est.
727 2268 794 2313 cum
809 2252 932 2315 mobilis
953 2253 1072 2319 animos

90 2334 216 2408 species
243 2333 370 2394 iniuriae
391 2336 534 2409 perculit,
565 2344 696 2408 aguntur
717 2337 818 2395 statim
842 2343 872 2395 et
898 2353 960 2410 qua
983 2338 1073 2397 dolor

85 2416 190 2489 traxit,
205 2417 311 2477 ruinae
326 2418 417 2478 modo
431 2417 608 2492 regionibus
623 2417 760 2481 incidunt
770 2419 964 2493 inconpositi,
981 2419 1070 2481 inter·

89 2500 154 2571 riti,
177 2502 305 2574 incauti,
328 2502 462 2577 pericula
484 2503 663 2576 adpetentes
684 2518 751 2563 sua.
783 2504 919 2578 gaudent
936 2503 1020 2568 feriri
1041 2513 1071 2564 et

90 2585 205 2644 instare
227 2585 306 2646 lerro
328 2593 359 2645 et
374 2586 435 2646 tela
454 2602 585 2661 corpore
604 2601 713 2660 urgere
736 2594 766 2647 et
780 2604 836 2661 per
852 2605 941 2648 suum
959 2590 1069 2649 volnus

89 2683 185 2728 exire.

152 2752 201 2810 ΙΙΙ.
230 2751 316 2823 „Non
340 2758 404 2825 est,
430 2753 546 2829 inquis,
573 2753 713 2827 dubium,
740 2754 814 2828 quin
835 2771 945 2829 magna
964 2757 1023 2815 ista
1041 2762 1097 2816 etl

85 2834 239 2910 ,pestilera
253 2835 292 2894 sit
305 2833 369 2894 vis=
387 2836 457 2898 ideo
469 2837 728 2910 quemadmodum
744 2839 847 2896 sanari
861 2838 972 2898 debeat
984 2855 1068 2900 mon·

87 2922 186 2979 stra.“
219 2918 328 2991 niqui,
350 2926 384 2979 ut
397 2920 426 2976 in
442 2920 596 2992 prioribus
611 2919 696 2979 libris
712 2916 790 2990 dixi,
813 2926 874 2979 stat
886 2920 1069 2979 Aristoteles
1088 2956 1090 2959 ψ

86 3002 239 3062 defensor
263 3000 328 3061 bae
351 3008 382 3062 at
405 3008 485 3062 vetat
506 3001 588 3062 illam
612 3000 702 3062 nobis
722 3001 879 3062 exsecari:
908 2997 1010 3063 calcar
1030 3003 1071 3066 ait

86 3100 163 3146 ‚esse
178 3084 307 3145 virtutis.
338 3083 396 3145 hac
413 3091 518 3159 erepta
531 3085 678 3145 inermem
693 3084 827 3145 animum
841 3092 871 3146 et
885 3087 924 3145 ad
940 3095 1068 3147 conatus

89 3184 220 3243 magnos
236 3168 355 3243 pigrum
369 3166 558 3243 inertemque
573 3168 648 3230 tieri.
676 3168 889 3231 Necessarium
905 3179 954 3231 est
966 3171 1097 3246 laquea

91 3250 267 3313 foeditatem
291 3251 358 3311 eius
382 3253 588 3313 celeritatem
618 3268 785 3327 coarguere
811 3261 842 3313 et
865 3263 935 3314 ante
959 3255 1067 3313 oculos

79 3342 221 3409 *ponere
247 3342 392 3411 quantum
415 3337 541 3399 monstri
564 3335 603 3396 sit
622 3336 714 3397 homo
733 3339 764 3396 in
785 3337 948 3399 bominem·
963 3339 1066 3396 lunens

91 3425 269 3493 quantoque
286 3419 392 3493 inpetu
403 3426 473 3479 ruat
488 3435 549 3480 non
565 3419 631 3480 sine
649 3419 783 3494 pernicie
799 3436 854 3478 sua
872 3418 1065 3493 perniciosus

138 3519 240 3559 sanson
258 3520 327 3559 nair.
350 3506 369 3561 I.
896 3511 912 3562 6

40 3746 113 3779 ..³:³¹
134 3784 141 3791 ,
159 3776 162 3780 .

40 3766 199 3819 Mnus.
