2378 3856
167 190 228 255 148
333 191 367 251 L.
388 188 535 249 ΑΝΝΑΕΙ
557 188 733 249 SENECAE
757 188 858 249 tunt,
878 190 947 252 vlt.

166 345 247 404 tibus
264 342 376 403 minist
396 340 554 416 quomodo
569 348 769 415 conspectum
780 340 895 413 mortis,
915 344 1082 417 quomodo
1098 346 1150 407 do-

166 429 240 487 loris
255 428 352 486 leret!
374 425 529 498 quomodo
543 424 648 484 mundi
657 425 795 498 fragores
807 430 838 484 et
851 432 969 485 tantum
982 426 1149 491 acerrimo-

166 528 232 570 rum
246 508 378 569 hostiurn
390 526 410 568 a
423 516 484 569 tom
495 506 578 568 molli
592 507 771 567 adversario
787 508 908 568 victus!
930 508 1086 587 quicquid
1098 528 1149 573 vo-

166 597 267 669 luptas
283 592 414 653 suaserit
424 592 523 652 faciet
545 606 612 667 age,
629 606 691 650 non
703 590 792 649 vides
806 606 899 666 quarn
908 594 1009 653 inulta
1019 610 1149 657 suastua

133 682 150 734 ι
166 678 254 745 siti,
258 676 344 747 ‚Nihil
347 677 476 751 ,inquit
492 676 603 753 poterit
617 673 745 750 turpiter
755 675 896 747 suadere,
912 674 990 750 quia
1005 676 1148 739 adiuncta

165 761 267 821 virtuti
281 766 357 820 est.“
384 760 451 844 Non
464 760 573 819 vides
565 768 683 833 iterum,
698 760 790 833 quale
801 756 841 818 sit
854 774 1011 821 summum
1024 760 1146 833 bonum,

166 844 215 904 cui
231 844 361 904 custode
376 832 456 919 opus
479 850 536 915 est,
557 848 591 902 ιιι
608 842 725 902 bonum
746 842 806 902 sitt
826 840 924 902 virtus
944 850 1051 905 autem
1073 862 1146 921 quo·

165 928 259 988 modo
280 928 468 1002 voluptatem
490 933 584 1000 reget
607 940 700 1000 quam
720 924 868 1000 sequitur,
890 940 960 986 curn
981 925 1079 1005 sequi
1097 946 1145 1005 pa·

165 1012 259 1069 rentis
276 1008 324 1081 sit,
346 1024 453 1084 regere
474 1009 675 1084 imperantist
696 1016 815 1085 atcrgo
830 1008 921 1084 ponis
944 1010 1062 1084 quod
1052 1028 1145 1089 turpe·

165 1100 233 1153 ιιιιι
254 1091 410 1167 egregium
424 1102 525 1153 autern
539 1091 630 1151 habet
643 1093 737 1153 virtus
752 1093 836 1168 apud
858 1108 916 1153 vos
932 1092 1076 1167 cilicium
1095 1112 1145 1159 vo·

133 1180 300 1251 amputes
312 1184 523 1252 praegustare.
546 1175 609 1235 Sed
624 1176 804 1248 videbimus,
824 1191 862 1235 an
877 1176 962 1253 apud
982 1194 1068 1253 quos
1088 1188 1146 1241 tun

166 1261 387 1323 contumeliose
408 1266 536 1321 tractata
553 1260 648 1320 virtus
669 1267 730 1332 est,
750 1259 851 1320 adhuc
870 1260 968 1321 virtus
991 1262 1042 1337 sit,
1069 1278 1146 1341 quae

164 1345 280 1407 habere
294 1360 405 1406 nomen
421 1360 509 1405 suum
531 1358 594 1403 non
608 1350 720 1419 potest,
742 1343 770 1402 si
791 1344 861 1404 loco
882 1342 998 1405 cassiis
1019 1346 1145 1419 iuterim,

166 1430 206 1490 de
227 1445 288 1504 quo
310 1427 423 1503 agitur,
442 1429 554 1488 multos
573 1427 734 1488 ostendam
754 1424 963 1503 voluptatibus
984 1429 1145 1502 obsessos,

165 1513 196 1570 in
211 1526 291 1587 quos
306 1513 427 1572 fortuna
441 1512 543 1571 omnia
560 1526 687 1571 munera
707 1526 765 1570 sua
779 1509 896 1582 clltrdit,
919 1512 1003 1588 quos
1013 1515 1144 1583 ,fatearis

134 1597 298 1654 snccesse
313 1602 360 1653 est
370 1594 487 1655 matos:
510 1593 638 1668 adspice
648 1593 870 1655 Nomentanum
881 1594 1076 1673 etApicium‚
1090 1606 1144 1660 ter·

166 1694 267 1738 rarum
283 1676 435 1750 cernaris,
457 1683 489 1736 ut
503 1677 552 1737 isti
566 1685 686 1751 vocant,
705 1676 789 1738 bona
809 1676 1021 1754 conquirentis
1042 1690 1076 1745 et
1098 1700 1144 1745 su·

167 1778 223 1837 pcr
247 1776 385 1821 mensam
410 1761 662 1836 recognoscentis
681 1761 814 1821 omnium
833 1763 968 1837 gentium
994 1766 1144 1829 animalia

166 1844 237 1904 vide
256 1844 315 1904 hos
337 1844 463 1904 cosdem
487 1859 505 1903 e
525 1846 740 1905 successuro*
763 1845 972 1921 exspectantis
1000 1850 1145 1927 popinam

167 1944 264 2000 suam,
280 1943 371 1987 aures
393 1943 503 1988 vocum
519 1943 613 2000 sono,
634 1928 820 2004 spectaculis
840 1930 958 2004 oculos,
980 1934 1145 2009 saporibus

167 2012 302 2086 palatum
316 2026 407 2071 suum
423 2011 620 2072 delectantes.
643 2011 785 2072 mollibus
801 2012 986 2090 lenibusque
1003 2016 1144 2081 lomentis

166 2103 262 2155 totum
276 2094 438 2154 lacessitur
452 2110 556 2157 eorum
579 2111 694 2169 corpus
709 2102 740 2155 et
759 2110 799 2154 ne
821 2112 914 2158 nares
933 2099 1063 2165 interim
1081 2116 1142 2163 cas·

167 2187 243 2250 sent,
260 2177 408 2239 odoribus
422 2178 516 2239 variis
531 2179 664 2239 inlicitur
676 2179 787 2239 locus
778 2194 857 2254 lpse,
881 2180 911 2240 in
928 2197 992 2257 quo
1008 2184 1144 2255 luxuriae

165 2270 354 2338 parentatum
370 2262 430 2324 hoc
446 2276 518 2322 esse
533 2263 563 2321 in
576 2262 786 2337 voluptatibus
803 2262 899 2336 dices.
921 2280 982 2327 nec
998 2268 1144 2351 manauit·
1157 2294 1165 2309 ·

167 2347 203 2407 lis
218 2346 297 2406 bene
311 2346 376 2418 erit
392 2344 539 2421 quianon
555 2346 637 2406 bono
653 2345 796 2422 gaudem.

134 2434 150 2485 1
228 2428 423 2502 x11.„‚1t{alc
444 2427 552 2503 inquit,
567 2428 627 2490 illis
646 2430 712 2502 erit,
735 2429 807 2505 quin
823 2430 938 2492 multa
929 2436 1142 2509 interveniunt

168 2528 249 2586 quae
262 2511 440 2587 perturbent
455 2512 596 2586 animum,
612 2521 643 2574 et
657 2511 820 2588 opiniones
834 2516 913 2576 inter
927 2530 964 2577 se
974 2520 1142 2581 contrariae

165 2601 297 2654 mentem
310 2591 551 2689 ιιιιιιιιιιιιιιιιιιι.ιι
572 2594 952 2670 quoditaesseconcedo
968 2602 1142 2665 sednilrllo·

165 2675 267 2736 minus
288 2675 358 2735 illi
350 2674 411 2751 rpsi
432 2678 513 2738 stulti
534 2685 565 2738 et
578 2679 756 2755 inaequales
779 2690 809 2743 et
828 2682 887 2742 sub
908 2682 972 2745 ictu
986 2686 1142 2761 poeniten·

165 2760 227 2819 tiae
241 2757 334 2836 positi
350 2774 474 2835 magnas
495 2760 666 2837 percipient
679 2765 863 2841 voluptates,
885 2774 920 2827 ιιι
933 2768 1095 2831 latendum
1107 2768 1142 2831 sit

166 2851 228 2906 tam
242 2845 333 2920 longe
344 2851 406 2905 tum
421 2846 491 2906 illos
503 2845 541 2905 ab
557 2846 638 2906 omni
652 2849 792 2909 molestia
802 2849 915 2911 abesse
928 2868 1028 2949 quam
1034 2868 1057 2913 a
1066 2852 1143 2915 bona

166 2936 275 3001 mente,
292 2936 323 2989 et
337 2928 422 3004 quod
438 2930 594 3005 plerisque
609 2932 764 3007 contingit,
784 2932 935 2993 hilarem
927 2936 1082 2997 insaniam
1101 2936 1141 2995 in·

135 3011 269 3074 asanire
284 3029 320 3072 ac
334 3029 390 3087 per
404 3014 499 3073 risum
514 3015 625 3075 furere.
656 3017 697 3075 At
710 3022 816 3076 contra
830 3017 1141 3092 sapientium'remis·

167 3111 221 3154 sae
236 3097 408 3170 voluptates
423 3103 454 3155 et
467 3097 626 3157 modestae
641 3114 678 3157 ac
693 3115 792 3173 paene
806 3100 972 3175 languidae
984 3110 1141 3166 sunt-con·

166 3193 358 3253 pressaeque
372 3186 402 3237 et
414 3177 468 3237 vix
482 3178 642 3255 notabiles,
657 3189 689 3241 ut
699 3198 779 3257 quae
794 3200 895 3281 neutro
907 3186 1081 3249 accersitae
1093 3202 1141 3247 ve·

167 3262 251 3321 niant
264 3276 330 3334 nec,
347 3260 487 3336 quamvis
502 3278 558 3336 per
572 3281 607 3323 se
618 3266 814 3342 accesserint,
836 3268 866 3327 in
879 3267 1000 3330 honore
1014 3270 1079 3331 sint
1092 3284 1141 3353 nc

168 3360 229 3419 que
250 3345 312 3404 ullo
334 3342 446 3418 gaudio
470 3346 700 3421 percipientium
722 3362 881 3426 exceptae.
911 3351 1046 3425 miscent
1064 3348 1142 3415 ιιιιιιιι

166 3428 233 3487 illas
250 3435 280 3487 et
295 3428 491 3502 interponunt
505 3430 585 3491 vitae
599 3439 632 3491 ιιι
653 3432 779 3493 Ιιιιιιιιιι
771 3446 935 3510 iocumque
956 3436 1037 3499 inter
1054 3438 1142 3499 seria.
