2378 3856
171 189 233 257 lte
352 191 386 250 L.
408 189 554 249 nunaut
577 188 752 249 SENECAE
772 180 948 251 moult.

169 363 228 422 pus
243 341 450 417 exstinguunt.
480 357 554 401 aves
576 356 645 401 cum
660 340 791 401 stridore
804 355 915 415 magno
930 341 1045 402 inatres
1059 341 1150 405 nidor

169 429 485 497 circumiremuerunl,
511 425 589 484 intra
608 431 794 485 momentum
809 430 910 484 umen
925 424 1053 498 quietae
1068 427 1150 487 vole

168 520 218 572 tus
232 526 308 571 suos
323 516 470 583 repetunt.
492 524 551 568 neo
565 508 617 567 ulli
631 507 752 567 animali
765 509 890 581 longum
904 507 987 568 lettre
999 506 1054 568 eui
1066 508 1149 569 dni-

168 595 287 655 derium
301 599 349 654 est
363 591 422 652 nisi
435 591 563 663 homini,
584 591 637 664 qui
655 591 745 650 adest
764 591 864 651 dolori
885 606 943 651 suo
957 604 1019 651 nec
1032 598 1150 653 tantu

139 685 315 753 equentum
341 677 445 748 sentit,
473 675 529 735 sed
554 681 701 749 quantum
725 673 894 747 constituit,
918 672 1078 734 adficitur.
1112 674 1150 737 tt

168 762 249 821 scies
265 767 364 820 nutem
379 775 440 819 non
455 772 527 817 esse
547 757 607 817 boo
626 758 778 831 naturale,
799 756 931 818 lactibus
944 757 1067 833 muni,
1089 759 1148 835 prl-

168 861 251 904 mum
266 843 363 917 magis
385 841 511 902 laminas
527 856 619 915 quam
639 840 738 914 viros,
764 841 861 915 magis
881 839 1036 901 hammus
1057 856 1148 916 qum

168 926 312 1003 placidae
336 925 537 998 eruditaeque
566 924 667 997 gentis
694 923 848 997 homines,
880 922 979 999 magia
1003 924 1148 987 indoctos

170 1025 262 1084 quom
283 1008 393 1068 doctos
415 1007 522 1066 cadem
550 1005 664 1066 orbitas
683 1006 831 1068 voluerat
863 1007 947 1082 alqui
968 1022 1007 1068 ea
1028 1022 1148 1084 quaes

169 1099 276 1153 natura
300 1090 362 1150 vim
387 1097 587 1164 acceperunt,
621 1090 758 1149 eamdem
783 1091 815 1149 in
839 1090 983 1151 omnibus
1008 1097 1147 1152 serena

140 1175 297 1249 tadparet
310 1191 372 1236 non
388 1186 460 1233 esse
474 1174 611 1234 naturale
626 1172 711 1247 quod
724 1174 842 1233 varium
856 1180 912 1233 est
939 1173 1026 1248 lm
1041 1184 1147 1236 olnam

169 1265 284 1318 aetates
306 1258 500 1331 omniumque
520 1255 640 1316 urbium
661 1256 746 1316 cives
766 1264 827 1316 tam
846 1255 933 1316 vlms
945 1270 1045 1331 quam
1062 1258 1147 1317 lemi-

168 1357 225 1402 nas
245 1350 322 1403 uret.
352 1342 464 1401 terrum
485 1339 613 1400 inomni
635 1354 765 1412 corpore
778 1339 935 1401 exhibebit
948 1340 1080 1401 secandi
1094 1356 1146 1417 po

168 1425 300 1485 tentiam.
324 1431 440 1500 queret
461 1424 533 1497 quia
547 1424 629 1482 vires
644 1423 685 1482 illi
701 1438 719 1482 a
733 1431 840 1483 natura
855 1423 945 1483 datae
959 1431 1048 1497 suut,
1070 1434 1147 1499 quae

169 1506 241 1566 nihil
256 1508 286 1566 in
302 1522 466 1581 personam
482 1506 645 1566 constituit
666 1506 893 1580 Paupertatem,
907 1507 1041 1580 luctum,
1054 1505 1146 1567 ambi.-

170 1591 282 1650 tionem
297 1589 374 1649 alius
389 1588 475 1649 aliter
494 1587 600 1662 sentit,
621 1596 712 1662 prout
725 1589 810 1649 illum
827 1589 1021 1650 cosmon
1035 1590 1145 1650 iniecit

169 1681 199 1732 et
223 1672 396 1733 inbecillum
419 1671 679 1746 inpatientemque
698 1671 800 1733 reddit
822 1680 1023 1747 praesumpta
1045 1672 1146 1747 opinio

169 1758 209 1815 de
223 1773 283 1815 non
298 1754 440 1815 timendis
455 1754 607 1814 terribilis.

140 1848 155 1898 1
229 1839 308 1898 Vlll.
330 1836 448 1897 Deinde
465 1838 550 1913 quod
563 1839 701 1898 naturale
716 1847 779 1908 est,
801 1854 864 1898 nou
879 1837 1146 1901 decrescentem:

170 1922 309 1981 dolorem
335 1919 403 1982 dies
426 1922 519 1995 longa
545 1921 705 1983 consumit.
740 1922 812 1981 licet
835 1920 1147 1995 corilumacisaimum,

169 2003 282 2064 cotidie
307 2003 513 2080 insurgentem
537 2012 569 2065 et
592 2012 699 2065 contra
722 2003 859 2065 remedia
883 2003 1147 2077 effervescentem

168 2094 268 2147 tamen
291 2088 374 2147 illum
396 2088 642 2148 efficacissimam
662 2087 846 2162 mitigandae
866 2087 1001 2148 ferociae
1026 2097 1147 2164 tompus

141 2177 303 2231 aenervat
331 2171 434 2231 Manet
449 2171 573 2247 quidem
587 2170 655 2243 tibi,
675 2170 805 2243 Marcia,
827 2171 916 2233 etiam
936 2186 1021 2231 nunc
1039 2171 1148 2248 haene

169 2254 289 2313 tristitia
303 2263 334 2315 ct
346 2255 406 2314 iam
422 2255 541 2315 videtur
554 2254 682 2313 duxisse
697 2254 820 2324 callum,
842 2270 903 2315 non
920 2254 973 2314 illa
986 2251 1148 2327 ecaritate,

171 2338 270 2413 qualis
285 2339 316 2398 in
329 2338 382 2399 illa
395 2339 464 2411 lull,
486 2337 543 2397 sed
556 2337 698 2412 pertinax
719 2345 749 2397 ct
763 2335 930 2398 obsuuctm
950 2336 1149 2399 mmm-lamo

171 2437 298 2496 quoque
312 2421 366 2481 tibi
387 2428 471 2481 aetas
486 2419 654 2480 minutatim
670 2421 791 2480 eximet.
819 2419 961 2495 quotiens
977 2420 1148 2496 aliudeae

141 2503 227 2575 bris,
248 2504 368 2562 animus
388 2502 584 2563 relaxabitur.
618 2514 679 2562 non
698 2509 728 2562 te
748 2501 819 2578 ipsa
840 2503 989 2564 custodia
1019 2502 1148 2565 Multum

168 2593 270 2644 autem
285 2585 419 2656 interest,
441 2590 541 2646 utrum
556 2586 609 2645 libi
624 2587 780 2660 permittas
795 2602 933 2648 moerere
943 2602 988 2647 an
1003 2585 1147 2663 imperes.

170 2673 283 2742 quanto
308 2668 406 2740 magis
431 2666 490 2726 hoe
515 2683 632 2728 morum
657 2674 778 2730 tuorum
803 2669 976 2745 elegantiae
993 2669 1148 2742 convenil,

170 2750 263 2810 finem
284 2751 384 2810 luctus
405 2751 508 2825 potius
529 2752 631 2812 lacere
652 2769 744 2827 quam
764 2760 962 2829 exspectare,
987 2767 1048 2813 nec
1062 2751 1148 2815 illum

170 2832 306 2908 opperiri
331 2832 426 2907 diem,
460 2851 520 2909 quo
547 2841 577 2894 te
602 2834 695 2896 invita
721 2837 809 2897 dolor
833 2837 976 2897 damam
1010 2836 1083 2911 ipsa
1106 2834 1148 2897 illi

70 2975 71 2979 ,
168 2915 319 2978 renuntia.

143 3006 157 3057 1
231 3000 281 3059 lX.
303 3000 391 3061 Unde
406 3016 481 3076 ergo
495 3009 578 3062 tanta
600 3002 689 3064 nobis
704 3002 872 3077 pertinacia
887 3003 916 3062 in
933 3003 1148 3078 deploratione

168 3084 279 3155 nostri,
302 3084 328 3142 si
348 3083 379 3142 id
400 3100 461 3145 non
482 3085 517 3145 lit
530 3092 657 3146 naturae
670 3086 780 3148 iussut
806 3086 891 3161 quod
914 3084 1012 3147 nihil
1032 3087 1148 3147 nobis

168 3166 271 3238 mali,
303 3173 506 3242 antequam
531 3167 701 3241 eveniat,
735 3169 1004 3244 proponimus,
1029 3170 1092 3231 aed
1114 3176 1148 3232 ut

169 3248 307 3309 inmunes
329 3249 390 3324 ipsi
415 3256 446 3308 et
466 3250 533 3310 aliis
555 3250 694 3322 pacatius
720 3253 852 3326 ingressi
873 3254 931 3312 iter
951 3251 1063 3314 alieuis
1086 3260 1147 3316 uod

138 3332 363 3393 tadmoncmar
388 3333 511 3392 casibus
532 3332 601 3393 illos
626 3349 698 3394 esse
723 3351 911 3397 communes.
940 3337 998 3396 Tot
1021 3345 1148 3412 praeter

167 3415 291 3476 domum
304 3421 438 3474 nostram
452 3414 604 3476 ducuntur
617 3419 798 3493 exsequiae=
817 3419 855 3479 de
869 3425 967 3480 morte
982 3435 1044 3481 non
1059 3424 1145 3498 cogi·
