2378 3856
64 148 246 209 Hstvlnnt
257 148 481 210 MATREMDE
488 147 793 211 conscentium
804 159 846 213 18.
855 159 897 214 19.
914 149 977 216 269

58 322 61 359 t
78 299 177 359 dolori
189 315 249 360 suo
266 314 429 376 quaerere=
445 305 478 361 tu
493 301 533 360 ad
547 300 628 361 illem
642 306 673 360 te
687 309 717 363 et
730 300 880 379 quicquid
894 306 976 380 acgi-

58 384 133 456 arie,
156 384 271 443 confer.
303 381 370 443 sive
392 398 517 444 servare
539 383 629 445 istum
651 383 786 447 habitum
807 388 895 449 voles
909 388 976 450 sive

58 480 175 541 tenere,
202 466 387 541 apudlltam
406 466 545 527 iuvenies
565 467 616 527 vel
629 467 722 529 finem
736 470 852 532 doloris
867 472 912 532 tui
925 472 976 531 vel
995 511 998 533 2

58 550 153 610 uitam,
171 548 236 610 Sed
250 549 480 624 nonuunquam
493 550 737 625 perfectissimae
746 554 879 615 feminae
892 554 975 630 naui,
987 569 1005 623 4

58 656 63 692 t
99 634 233 710 patietur
259 640 292 696 te
318 631 393 695 nihil
420 634 591 708 profutura¹
609 647 750 696 moerere
778 639 918 698 consumi
938 647 976 709 ‚et

60 719 174 792 mptum
189 716 242 776 tibi
253 733 361 790 suum,
375 717 464 778 cuius
477 732 537 793 ego
552 717 643 778 etiam
657 726 812 793 spectator
826 721 885 794 lui,
901 737 976 783 uar-

58 801 86 861 it
124 799 319 861 Carissimum
338 801 438 862 virum
450 801 608 876 amiserat,
624 805 808 864 avunculum
825 811 973 878 nostrum,

70 884 158 958 virgo
171 891 333 959 nupserat,
355 884 387 945 iu
400 885 470 960 ipsa
486 885 608 960 quidem
622 884 829 962 usupatione:
849 888 917 949 tulit
928 897 973 950 te

58 984 68 1025 r
89 968 201 1029 eodem
218 975 356 1043 tempore
372 977 404 1029 et
417 970 533 1031 luctum·
544 976 574 1030 et
586 976 700 1032 metum
716 971 886 1046 evictisque
899 979 974 1033 tem-

58 1051 168 1112 tatibus
190 1065 303 1126 corpus
325 1053 393 1113 eius
414 1054 562 1127 naufraga
577 1054 688 1114 avexit
721 1053 852 1131 Oquam
866 1057 1001 1125 mulie-s

58 1152 65 1193 t
80 1135 206 1210 egregia
218 1151 313 1210 opera
327 1134 359 1196 in
371 1136 504 1198 obscure
514 1136 628 1196 iacent!
640 1152 641 1155 ¹
652 1135 687 1196 Si
696 1136 766 1198 huic
777 1138 829 1197 illa
841 1138 974 1214 simplex

58 1217 188 1279 risendis
206 1219 366 1280 virtutibus
387 1218 567 1294 contigisset
583 1218 761 1294 antiquitas,
789 1229 904 1295 quanto
928 1223 974 1284 ie*
990 1241 1001 1284 2:

58 1305 157 1363 iorum
177 1303 341 1363 certamine
359 1302 565 1363 celebraretur
578 1317 686 1375 uxer,
700 1319 795 1379 quae,
820 1303 915 1365 oblita
927 1306 973 1364 in-

57 1386 179 1461 illitatis,
194 1386 287 1450 oblite
300 1386 455 1447 metuendi
468 1386 559 1448 etiam
569 1385 752 1447 firmissimis
762 1388 865 1461 maris,
880 1395 974 1463 caput

58 1485 88 1530 m
109 1470 256 1547 periculis
275 1487 332 1546 pro
352 1471 512 1546 suptilem
525 1469 639 1531 obiecit
653 1477 698 1544 et,
718 1470 793 1532 dum
805 1471 973 1546 cogitatde

74 1555 197 1629 sunere,
223 1554 297 1615 nibil
317 1554 357 1615 de
373 1571 430 1616 suo
445 1554 562 1615 dmuita
591 1553 773 1615 Nobilitatur
786 1555 973 1616 emuniuibus

58 1638 140 1713 rium,
159 1653 282 1713 quaese
293 1639 492 1713 proconiuge
504 1635 828 1699 uicariamdeditzhoc
841 1639 971 1713 amplius
999 1684 1001 1686 -

58 1773 59 1780 ,
76 1720 252 1782 discrimine
264 1721 347 1781 vitae
360 1723 534 1797 sepulcrum
551 1721 617 1782 viro
630 1732 788 1797 quaerere.
814 1723 914 1783 maier
924 1727 973 1782 est

58 1821 97 1877 tr,
124 1804 175 1879 qui
200 1806 266 1880 pari
286 1803 424 1880 periculo
443 1806 544 1866 udnus
557 1806 686 1872 redimit
719 1805 866 1867 Puethec
881 1819 1000 1873 nemos

58 1895 128 1961 atur,
146 1890 230 1964 quod
245 1903 301 1962 per
315 1888 453 1950 sedecim
465 1903 573 1960 annos,
590 1887 704 1964 quibus
716 1890 895 1968 Aegyptum
908 1904 973 1948 rna-

57 1988 72 2030 s
100 1972 165 2032 eius
186 1969 328 2045 obtinuit,
353 1987 519 2047 numquam
538 1972 569 2031 in
583 1973 706 2046 publico
723 1978 891 2048 conspecta
907 1978 970 2045 est,

58 2053 146 2115 tinem
161 2055 379 2131 provincialem
394 2055 517 2114 domum
531 2070 619 2114 suam
634 2055 768 2131 admisit,
784 2056 857 2117 nihil
872 2072 891 2115 a
904 2057 971 2116 viro

60 2140 95 2214 it,
118 2138 191 2200 nihil
207 2155 226 2198 a
240 2154 275 2199 se
289 2138 351 2213 peti
367 2154 461 2213 passa
475 2144 531 2197 est.
559 2138 665 2213 Itaque
679 2141 793 2215 loquax
808 2140 882 2200 etin
898 2155 970 2200 con-

60 2223 134 2282 elias
149 2222 373 2298 praelectorum
388 2220 548 2295 ingeniosa
562 2220 736 2295 provincia,
758 2223 788 2281 in
806 2240 867 2299 qua
881 2224 969 2284 etiam

68 2305 241 2367 vitaverunt
261 2306 398 2380 culpam,
422 2320 484 2364 non
506 2301 679 2379 effugerunt
692 2304 860 2377 infamiam,
887 2307 972 2367 velut

58 2404 117 2448 zum
138 2387 305 2450 sanctitatis
327 2385 500 2462 exemplum
515 2389 657 2462 suspexit
670 2395 712 2463 et,
735 2389 818 2463 qued
834 2388 876 2446 illi
891 2389 970 2449 dilii-

58 2489 139 2532 mum
161 2480 221 2544 est,
244 2472 292 2532 cui
308 2473 397 2533 ctiam
412 2472 578 2546 periculosi
593 2471 675 2530 sales
691 2473 826 2546 placent,
849 2487 970 2533 omnem

58 2559 160 2616 borum
174 2556 324 2616 licentiam
340 2556 487 2617 continuit
501 2561 532 2615 et
545 2554 637 2614 hodie
653 2553 780 2615 similem
795 2554 846 2631 illi,
864 2571 969 2630 quam—

58 2655 222 2714 numquem
237 2646 354 2714 speret,
376 2654 498 2714 semper
512 2645 605 2713 optat.
634 2638 762 2698 Multum
778 2647 856 2712 erat,
873 2637 900 2698 si
913 2655 970 2714 per
1035 2692 1040 2700 s

58 2722 131 2779 ecirn
148 2736 245 2780 annos
260 2722 342 2781 illam
356 2722 515 2797 provincia
529 2722 707 2796 probassem
722 2724 793 2796 plus
807 2728 868 2794 est,
886 2723 970 2795 quod

58 2804 154 2863 travit
176 2803 261 2863 Haec
276 2819 337 2863 uon
352 2804 423 2863 ideo
437 2805 548 2875 resero,
561 2810 595 2862 ut
608 2803 717 2862 laudes
729 2804 795 2861 eiu's
807 2817 968 2876 exsequar,
981 2820 997 2874 7

58 2904 75 2947 s
96 2885 346 2946 circumscribere
368 2893 416 2946 est
436 2891 498 2944 tam
512 2899 606 2959 parce
619 2892 845 2957 transcurrere,
866 2884 924 2943 sed
937 2892 971 2944 ut

58 2972 153 3045 liegas
169 2968 270 3044 magni
284 2968 374 3027 animi
390 2985 461 3029 esse
476 2968 631 3042 laminam,
651 2982 741 3042 quam
759 2981 821 3026 nen
836 2963 969 3041 ambitio,

73 3054 214 3127 avaritia,
231 3051 358 3113 comites
374 3052 474 3113 omnis
485 3050 639 3127 potentiae
651 3057 682 3111 et
692 3057 807 3126 pastos,
820 3050 968 3122 vicerunt,

79 3146 177 3199 metus
198 3135 305 3197 mortis
327 3152 394 3197 eam
413 3141 569 3196 exarmata
589 3134 659 3195 navi
675 3134 866 3210 naufragium
880 3150 969 3194 suum

58 3228 185 3281 ctantem
207 3219 366 3295 deterruit,
394 3236 455 3296 quo
477 3218 576 3280 minus
601 3219 733 3279 exanimi
747 3219 814 3278 viro
837 3218 968 3277 haerens

74 3310 249 3379 quaereret,
267 3305 525 3379 quemadmodum
538 3303 609 3364 inde
624 3305 735 3378 exiret,
750 3303 807 3363 sed
824 3301 968 3378 quemad·

58 3387 120 3447 lum
136 3386 267 3449 efferret.
288 3386 366 3449 Huic
380 3404 484 3463 pmem
497 3388 636 3448 virtutem
648 3388 795 3448 exhibeas
807 3393 929 3464 oportet
940 3392 970 3446 et

749 3470 806 3534 17*
