2378 3856
34 290 38 297 .
146 209 190 273 24
238 209 342 271 nint.
361 208 398 267 ll.
418 208 474 269 al)
489 205 674 267 salterium
688 204 763 265 NEC
777 202 959 273 tntillum
971 202 1054 265 NEC

148 377 236 423 suam
250 360 409 421 remixtam
425 358 493 417 eibo
511 356 657 432 perdidit:
682 371 834 417 venenum
855 356 928 417 illud
944 357 1053 420 dando
1068 374 1143 423 see·

149 446 202 507 leri
217 461 253 505 se
268 442 422 516 obligavit,
437 441 526 501 etiam
541 440 568 501 si
584 456 644 501 non
659 440 772 500 nocuit.
789 454 851 501 non
865 438 966 501 minus
980 441 1064 504 latro
1081 450 1142 516 eol,

148 529 236 590 cuius
265 527 356 587 telum
378 526 523 600 opposita
543 532 629 585 veste
649 526 768 584 elusum
790 531 846 584 est.
883 521 991 583 Omnia
1012 526 1142 589 seelera

147 612 236 671 etiam
250 617 320 669 ante
335 608 478 669 ellectum
494 608 608 683 operis,
620 616 765 682 quantum
778 606 974 683 eulpaesutIa
988 618 1049 684 est,
1066 626 1140 687 per·

118 693 227 754 oleata
248 701 328 753 sunt.
365 692 520 768 Quaedam
542 691 609 752 eius
631 690 822 753 condicionis
842 697 914 751 sunt
932 697 964 751 ει
982 690 1045 754 hae
1068 694 1142 753 vieo

148 778 346 853 copulantur,
372 784 405 837 ut
427 779 554 836 alterum
574 775 642 836 aine
663 775 758 835 altero
773 789 845 835 esse
862 775 977 849 possit,
1003 777 1140 839 alterum

147 861 214 921 sine
228 862 323 922 altero
340 877 400 920 non
417 860 526 935 possit.
550 860 632 934 quod
649 859 719 920 dioo
735 858 872 920 conabor
886 859 989 918 lacere
1004 860 1139 921 manile·

147 953 236 1006 stum.
259 945 388 1005 Possum
400 943 498 1018 pedes
513 958 647 1015 movere,
662 950 765 1004 utnon
781 956 915 1002 curram:
930 957 1059 1003 currere
1074 960 1139 1006 non

149 1044 291 1103 possum,
321 1034 354 1087 ut
374 1027 470 1102 pedes
492 1043 553 1087 non
576 1041 724 1085 moveam.
768 1041 910 1101 possum,
937 1028 1086 1100 quamvis
1108 1025 1140 1087 itt
1177 1080 1179 1105 2

147 1127 229 1185 aqua
243 1111 316 1185 slm,
332 1127 393 1171 non
409 1118 529 1170 natare:
561 1110 586 1169 si
602 1117 689 1180 nato,
704 1126 765 1170 non
782 1116 912 1184 possum
926 1109 957 1168 in
970 1126 1056 1185 aqua
1072 1127 1139 1174 nou

115 1190 132 1245 6
147 1211 229 1255 esse.
265 1195 312 1254 Ex
327 1194 384 1254 hae
399 1202 483 1256 sorte
498 1203 528 1255 et
544 1193 604 1253 hoo
620 1201 668 1253 est
684 1194 724 1253 de
740 1211 802 1268 quo
817 1194 925 1268 agitur.
950 1194 976 1253 si
991 1193 1139 1257 iniunanr

148 1279 263 1353 accepi,
279 1293 410 1339 neeesse
425 1284 473 1338 est
487 1279 597 1337 laetam
613 1293 694 1338 esse.
723 1278 750 1336 si
765 1284 813 1337 est
827 1277 921 1350 laetu,
937 1292 999 1337 non
1015 1287 1068 1339 est
1082 1295 1139 1339 ne·

148 1378 237 1423 cesse
257 1362 419 1439 accepisse
440 1377 497 1421 nte.
533 1363 628 1423 multa
648 1361 726 1422 enlm
749 1361 883 1422 incidere
904 1367 1039 1435 possunt
1053 1376 1139 1438 quae

148 1448 350 1507 submoveant
370 1445 525 1505 Iniuriam:
554 1452 588 1506 ul
608 1446 783 1506 intentatam
805 1460 926 1504 manum
942 1444 1070 1506 deicere
1083 1444 1137 1506 ali·

148 1529 216 1604 quis
234 1545 326 1590 easus
341 1535 445 1603 potest
456 1536 486 1588 ει
496 1528 610 1588 emiSsa
619 1530 680 1588 tela
690 1528 853 1601 declinare,
865 1528 906 1587 ita
917 1527 1046 1589 iniuritts
1058 1545 1138 1603 qua·

149 1613 329 1688 tescumque
344 1618 447 1687 potest
462 1613 563 1685 aliqua
576 1627 628 1671 res
642 1613 791 1685 repellere
806 1619 835 1671 ει
849 1613 878 1670 in
893 1610 995 1671 medlo
1010 1612 1137 1674 interei-

149 1711 232 1770 pere,
247 1703 280 1755 nt
294 1703 325 1755 et
340 1697 438 1755 laetae
455 1693 516 1754 sint
530 1710 587 1754 neo
602 1700 758 1768 acceptae.

118 1780 131 1830 1
208 1779 288 1839 VIII.
310 1778 472 1839 Praeterea
486 1779 599 1838 iustitia
609 1777 682 1837 nihil
697 1778 840 1838 Iniustum
853 1777 916 1853 pati
930 1785 1044 1853 potest,
1060 1780 1138 1855 quta

147 1877 208 1923 non
226 1870 338 1923 coeunt
352 1860 514 1923 conuaria.
551 1860 662 1921 Iniurla
678 1869 778 1922 autem
795 1879 856 1922 non
875 1869 975 1936 potest
989 1861 1058 1921 fieri
1075 1863 1137 1925 nisi

148 1946 275 2006 iniuste:
305 1962 379 2020 ergo
402 1945 533 2020 sapienti
554 1944 664 2005 iniuria
684 1962 745 2006 non
768 1954 872 2021 potest
892 1946 967 2004 fieri.
1003 1945 1072 2007 Neo
1087 1954 1137 2008 εει

148 2029 232 2103 quod
252 2027 387 2090 mireris:
403 2031 428 2088 si
446 2044 535 2089 nemo
552 2035 654 2103 potest
667 2029 708 2089 illi
723 2029 862 2090 iniuriam
878 2031 987 2101 lacere,
1004 2045 1044 2089 ne
1061 2046 1136 2105 pro·

147 2112 242 2173 desse
264 2113 387 2188 quidem
409 2114 571 2188 quisquam
593 2120 703 2187 potest.
739 2121 769 2174 ει
791 2113 922 2188 sapienti
943 2111 1017 2171 nihil
1043 2114 1138 2175 deest

148 2196 232 2271 quod
245 2196 386 2272 aoeipere
402 2197 501 2272 possit
515 2198 584 2257 loco
600 2199 748 2270 muneris,
770 2205 801 2257 et
819 2198 918 2256 malus
939 2195 1012 2255 nihil
1028 2204 1137 2271 polest

147 2280 269 2356 dignum
284 2281 417 2342 tribuero
431 2281 578 2357 sapiente.
608 2279 721 2340 habere
736 2279 814 2340 enlm
830 2281 916 2355 prius
931 2279 1024 2339 debet
1039 2298 1137 2356 quam

147 2364 229 2424 dare.
253 2365 326 2425 nihil
341 2373 440 2426 antem
456 2365 547 2425 habet
562 2365 645 2440 quod
661 2365 700 2424 ad
714 2380 749 2424 se
763 2363 920 2424 transferri
936 2363 1063 2437 sapiens
1079 2381 1136 2440 ga·

115 2445 271 2508 tvisurus
296 2450 344 2508 sit.
380 2449 447 2508 Non
474 2456 577 2523 potest
601 2463 673 2520 ergo
696 2449 858 2522 quisquam
880 2453 932 2507 unt
951 2462 1067 2507 nocere
1082 2466 1134 2510 sa-

148 2529 240 2604 plenti
262 2537 314 2589 ant
333 2531 499 2604 prodesse,
531 2531 675 2605 quonlam
696 2531 801 2590 divina
821 2547 878 2590 neo
893 2531 989 2592 luvan‘
1004 2532 1133 2593 deside·

146 2619 214 2671 rant
227 2627 285 2671 nee
302 2612 380 2671 laedi
396 2620 536 2687 possunt.
565 2613 689 2686 sapiens
704 2619 804 2672 autem
818 2615 937 2675 vicinus
954 2616 1135 2690 proximus-

148 2709 207 2769 que
223 2696 270 2754 dis
288 2695 435 2768 consistit,
451 2703 582 2770 excepta
596 2695 775 2756 mortalitate
792 2698 899 2760 similis
915 2699 984 2759 deo.
1022 2699 1064 2759 ad
1081 2701 1136 2761 illa

146 2778 245 2837 nitens
262 2794 458 2853 pergensque
473 2781 605 2853 excelsa,
622 2780 769 2853 ordinata,
785 2780 944 2857 intrepida,
960 2785 1086 2858 aequali
1104 2792 1137 2846 et

146 2862 293 2922 concordi
310 2878 403 2923 eursu
418 2861 558 2936 liuentia,
585 2879 709 2937 secura,
734 2866 882 2940 benigna,
904 2867 986 2927 bono
1001 2868 1134 2941 publico

147 2953 225 3018 nata,
242 2953 272 3006 et
286 2946 343 3007 sibi
359 2953 388 3006 ει
403 2946 470 3009 eills
486 2948 631 3007 salutaria
645 2948 717 3007 nihil
733 2949 845 3009 humile
860 2951 1070 3024 eoneupIsoet,
1085 2954 1133 3013 ni-

146 3028 309 3108 hil,ilebit,
337 3029 389 3103 qul
410 3031 519 3089 rationi
540 3031 661 3091 Innixus
677 3047 733 3106 per
747 3032 897 3095 humanos
912 3049 1005 3094 casus
1021 3034 1136 3098 divino

113 3111 265 3171 dineedet
279 3112 390 3172 animo.
427 3113 492 3172 Non
513 3113 605 3173 habet
619 3115 669 3174 ubi
686 3115 817 3190 nceipiat
830 3117 979 3176 iniuriam.
1016 3117 1056 3178 ab
1072 3119 1133 3182 ho·

144 3193 224 3252 mine
241 3210 290 3253 me
305 3203 418 3255 tantum
434 3197 536 3256 dloere
553 3204 664 3271 putas?
682 3215 720 3258 ne
736 3201 885 3261 alorluna
897 3201 1030 3276 quidem,
1048 3219 1137 3277 qnae

146 3278 287 3352 quotiens
304 3293 372 3338 oum
386 3280 496 3339 virtute
511 3295 680 3354 congressa
695 3288 755 3354 est,
772 3301 937 3360 numquam
952 3300 1008 3359 par
1021 3301 1131 3349 reces-

145 3359 193 3420 sit.
217 3359 248 3421 Si
260 3359 425 3421 maximum
441 3363 530 3437 illud,
547 3365 625 3425 ultra
641 3366 723 3440 quod
740 3367 812 3427 nihil
827 3368 954 3442 hubent,
970 3365 1069 3430 iratae
1084 3373 1133 3432 le-

144 3458 200 3517 ges
221 3461 257 3505 ao
279 3444 452 3507 suevissImi
475 3448 587 3511 domini
612 3449 799 3524 minitantur,
829 3451 860 3511 in
882 3469 943 3524 quo
964 3452 1133 3528 imperium

952 3606 1179 3816 a
