2378 3856
67 72 845 185 nourrvmuuarnruorcousomrrouo.
859 134 951 187 uu.
974 125 1037 198 esi

64 275 185 334 niamus
199 273 238 333 ad
252 273 437 348 locupletes:
460 289 552 348 quam
565 275 659 335 multa
673 282 746 336 sunt
756 281 910 352 tempora,
926 277 1039 353 quibus

65 354 255 434 pauperibus
266 356 381 433 similes
394 357 475 418 sintt
491 357 690 419 circumcisae
700 368 771 421 suot
781 359 1039 436 peregrinantium

65 440 206 501 sarcinae
219 446 251 500 et
264 440 405 516 quotiens
420 440 643 503 festinationem
657 442 829 503 necessitas
839 441 955 506 itineris
966 460 1038 506 exe·

64 525 122 599 git,
144 523 287 585 comitum
304 523 392 586 turba
407 522 571 588 dimittitur.
602 523 764 586 militantes
779 534 904 600 quotam
920 535 1038 604 partem

63 623 166 667 rerum
186 620 440 669 suarum'secum
464 607 593 682 habent,
621 624 700 669 cum,
715 624 836 671 omnem
858 611 1039 686 adparatum

66 689 236 751 castrensis
256 690 420 765 disciplina
441 691 647 753 submoveatt
679 691 742 752 Nec
758 698 876 753 *tanum
897 693 1067 761 condicioe

63 773 135 834 illos
149 780 320 849 temporum
335 780 387 835 aut
401 774 538 839 locorum
552 774 658 850 inopia
669 776 857 851 pauperibus
872 785 1038 852 exaequat:

64 863 190 919 sumum
204 856 356 931 quosdam
370 857 452 932 dies,
474 873 544 918 cum
564 859 624 918 iam
638 857 707 919 illos
722 859 893 921 divitiarum
905 860 1039 921 taedium

64 939 163 1016 cepit,
186 940 297 1015 quibus
317 941 402 1002 humi
416 949 551 1007 coenent
570 950 601 1005 et
619 950 736 1005 remoto
758 958 833 1004 auro
851 950 1040 1019 argentoque

62 1022 209 1085 ilotilrlrus
222 1030 361 1087 ‘utantur
378 1025 566 1086 dementes!
596 1025 657 1086 hoc
679 1025 763 1100 quod
784 1026 947 1101 aliquando
965 1042 1037 1090 con·
1060 1076 1062 1081 .

64 1108 242 1182 cupierunt,
258 1122 381 1183 semper
390 1108 503 1169 timent
529 1107 680 1183 Oquanta
689 1109 759 1169 illos
773 1107 871 1184 caligo
883 1106 1038 1183 mentium,

64 1197 179 1266 quanta
190 1191 360 1266 ignorantia
369 1192 506 1253 veritatis
517 1200 651 1265 exercet,
665 1206 757 1266 quam
766 1191 933 1266 voluptatis
943 1208 1040 1254 causa

63 1275 232 1335 imitantur!
267 1273 318 1335 Ille
327 1313 330 1317 -
339 1273 462 1348 quidem
475 1274 624 1350 quotiens
638 1274 680 1334 ad
695 1275 820 1351 antiqua
834 1276 976 1350 exempla
989 1287 1067 1340 ret

63 1358 170 1434 spexi,
191 1355 379 1433 paupertatis
393 1357 437 1418 uti
452 1357 569 1418 solatiis
579 1358 691 1433 pudet,
707 1358 988 1434 quoniamquidem
999 1373 1037 1420 eo

61 1449 234 1516 temporum
255 1440 375 1501 luxuria
395 1441 542 1516 prolapsa
563 1447 625 1515 est,
646 1447 679 1501 ut
692 1443 791 1502 maius
807 1441 947 1504 viaticum
962 1457 1037 1505 exu-

61 1527 127 1587 lum
147 1526 200 1598 sit,
224 1540 315 1600 quam
336 1524 406 1584 olim
427 1524 640 1598 patrimonium
655 1525 826 1600 principum
842 1526 906 1586 luit.
936 1525 1040 1586 Unum

63 1608 165 1670 luisse
184 1609 318 1669 Homero
338 1621 477 1680 servum,
498 1616 562 1669 tres
581 1607 713 1682 Platoni,
736 1609 850 1668 nullum
864 1609 996 1682 Zenoni,
1018 1625 1038 1669 a

63 1708 127 1766 quo
149 1690 251 1767 coepit
272 1689 445 1752 Stoicorum
468 1690 568 1766 rigida
592 1706 629 1752 ac
648 1691 743 1751 virilis
765 1692 932 1767 sapientia,
960 1691 1037 1753 satis

63 1783 195 1836 constat.
229 1791 300 1835 num
320 1790 395 1850 ergo
416 1773 581 1850 quisquam
598 1789 655 1835 eos
674 1775 787 1836 misere
808 1775 934 1835 vixisse·
946 1775 1035 1846 dicet,

61 1863 97 1919 ut
111 1874 172 1919 non
187 1859 256 1934 ipse
269 1858 456 1920 miserrimus
472 1857 512 1920 ob
526 1858 587 1920 hoc
601 1858 742 1923 omnibus
754 1859 914 1919 videatur?
934 1858 1064 1923 illene-5

62 1943 133 2003 nius
152 1942 306 2018 Agrippa,
329 1941 381 2017 qui
402 1943 480 2003 inter
501 1950 611 2017 patres.
624 1957 662 2001 ac
676 1940 797 2016 plebem
813 1941 955 2017 publicae
968 1957 1035 2016 gra-
1099 2007 1102 2013 ,

62 2025 124 2085 tiae
147 2033 309 2101 sequester
329 2025 397 2098 luit,
425 2040 497 2086 aere
517 2026 628 2088 collato
648 2025 805 2088 funeratus
827 2032 882 2085 est.
911 2023 1036 2085 Attilius

61 2110 216 2183 Regulus,
240 2126 310 2171 cum
328 2109 449 2190 Poenos
475 2104 630 2170 in'Alrica
649 2108 804 2183 funderet,
830 2108 871 2169 ad
896 2113 1035 2167 senatum

63 2192 189 2267 scripsit
202 2193 527 2255 mercenariumsuum
543 2190 729 2255 discessisse
740 2201 771 2255 et
780 2191 819 2252 ab
831 2207 869 2252 eo
881 2190 1036 2251 desertum

62 2288 137 2338 esse
157 2293 226 2351 rus,
249 2277 333 2352 quod
349 2275 468 2338 senatui
485 2276 606 2351 publice
620 2275 732 2349 curari,
752 2275 823 2337 duro
839 2275 964 2335 abesset
975 2274 1036 2335 Re-

62 2360 169 2434 gulus,
193 2360 320 2435 placuit:
331 2372 334 2379 ·
344 2360 437 2420 luitne
451 2360 524 2425 tanti
539 2374 662 2420 servum
676 2374 737 2419 uon
752 2359 882 2432 habere,
904 2364 938 2418 ut
953 2358 1035 2418 colo-

63 2458 124 2503 nus
148 2443 215 2504 elus
239 2445 374 2518 populus
397 2444 554 2505 Romanus
581 2449 685 2504 essett
720 2441 873 2518 Scipionis
898 2441 979 2501 filiae
996 2454 1065 2507 exc

62 2524 296 2586 aerariodotem
308 2535 507 2602 acceperunt,
522 2525 596 2602 quia
605 2525 750 2587 nilrilillis
762 2524 928 2601 reliquerat
940 2531 1035 2599 pater.

62 2622 197 2682 aequum
218 2609 413 2670 mehercules
439 2618 504 2671 erat
531 2612 679 2685 populum
702 2611 873 2673 Romanum
896 2608 1036 2670 tributum

62 2688 318 2764 Scipiouisemel
339 2693 494 2764 conierre,
517 2707 585 2753 cum
606 2709 625 2752 a
641 2693 821 2768 Carthagine
836 2706 959 2766 semper
972 2691 1037 2750 exi-

62 2778 158 2850 geret.
194 2769 217 2830 0
233 2773 338 2832 l'elices
354 2773 437 2833 viros
448 2774 632 2848 puellarum,
655 2775 767 2848 quibus
778 2774 913 2849 populus
923 2774 1035 2832 Roma-

63 2872 123 2919 nus
145 2855 213 2914 loco
235 2854 337 2914 soceri
357 2854 651 2916 tuiti-'beatioresne
675 2856 752 2919 istos
771 2864 877 2931 putas,
891 2869 1035 2928 'quorum
1061 2904 1065 2913 .

64 2939 270 3016 pantomimae
289 2936 393 2998 decies
415 2938 555 2999 sestertio
577 2939 709 3012 nubunt,
736 2954 828 3013 quam
848 2936 1034 3013 Scipionem,

65 3024 153 3085 cuius
168 3020 287 3081 libaria
303 3029 427 3096 senatu,
447 3028 547 3083 tutore
558 3037 634 3094 suo,
652 3021 684 3081 in
699 3022 802 3082 dotem
813 3036 974 3096 aesgrave
985 3035 1034 3080 ac·

65 3112 231 3181 ceperunta
266 3105 453 3181 Dedignatur
476 3104 587 3180 aliquis
603 3111 837 3180 paupertatem,
867 3103 953 3164 cuius
974 3111 1063 3177 tator

66 3190 166 3251 clarae
179 3189 324 3263 imagines
339 3195 430 3252 suntt
450 3189 623 3264 indignatur
632 3190 704 3248 exul
714 3186 830 3263 aliquid
842 3186 901 3247 sibi
913 3188 1034 3256 deesse,

66 3286 135 3335 cum
150 3273 279 3334 deluerit
294 3271 430 3348 Scipioni
441 3274 515 3348 dos,
528 3274 647 3348 Regulo
659 3272 879 3345 mercenarius,
893 3267 1034 3330 Menenio

67 3358 173 3431 lunas,
202 3371 270 3417 cum
291 3357 432 3419 omnibus
454 3356 514 3418 illis
536 3357 620 3433 quod
640 3358 759 3431 deerat,
783 3355 853 3415 ideo
875 3351 1035 3413 honestius
