2378 3856
227 207 330 298 oran.
351 208 391 268 v.
431 205 482 269 or
503 206 572 265 ran
592 204 665 265 nra.
689 205 738 262 ιιι.
762 211 884 267 ιι-ιι,
991 199 1034 265 oo

59 365 184 418 natores
198 363 229 416 et
242 357 362 431 equites
376 355 532 418 Romanos
547 370 609 414 uno
625 353 675 413 die
686 352 817 428 flagellis
833 353 951 428 cecidit,
971 360 1032 416 tor·

59 443 108 513 sit,
124 455 186 501 non
207 439 405 515 quaestionis,
421 437 476 499 sed
488 436 579 497 animi
591 452 695 497 eausa
723 437 836 497 deinde
850 438 929 498 adeo
946 437 1065 512 iupa-t

58 525 137 585 tiens
152 523 208 584 luit
226 520 416 582 differendae
431 519 605 595 voluptatis,
627 536 716 596 quam
733 521 884 596 ingentem
903 521 1033 582 erudeli·

59 617 107 668 tas
125 607 192 666 eius
207 606 274 666 sine
289 604 433 666 dilatione
448 603 605 680 poscebat,
626 609 659 663 ut
672 604 702 665 in
717 611 810 681 xysto
828 612 1032 671 maternorum

58 692 225 760 hortorum,
243 691 295 764 qui
311 689 459 764 porticum
474 688 574 763 eripe
585 693 718 763 separet,
730 687 923 749 inambulans
937 705 1032 765 quos·

59 774 131 833 dam
146 789 185 833 ex
202 773 260 832 illis
276 788 343 832 eum
358 772 505 833 matronis
527 779 620 847 atque
635 770 705 830 aliis
719 771 912 833 senatoribus
933 773 973 833 ad
987 772 1032 833 lu-

59 872 182 916 cernam
200 855 375 916 decollaret
417 855 496 929 Quid
513 854 667 916 instabat?
688 855 773 930 quod
794 853 962 930 perieulum
981 863 1034 916 aut

58 941 209 1016 privatum
231 946 283 1004 aut
303 940 458 1014 publicum
477 954 539 1000 una
557 955 620 1000 uox
641 938 832 1000 minabaturl
853 941 1033 1013 quantulum

58 1025 225 1085 lnitlueem
248 1031 429 1099 exspectare
450 1022 592 1099 deniqne,
611 1039 650 1084 ne
672 1031 831 1085 senatores
848 1025 953 1099 populi
972 1023 1032 1085 Ro-

58 1108 139 1167 mani
155 1109 290 1168 soleatus
306 1106 479 1168 occideretl

118 1192 194 1251 XIX.
217 1191 312 1265 Quom
326 1190 460 1267 superba
471 1191 560 1251 luerit
571 1190 735 1251 crudelitas
752 1189 819 1249 eius
832 1190 871 1249 ad
885 1207 948 1250 rem
964 1206 1032 1266 per-
1047 1204 1063 1257 1

60 1276 134 1335 tinet
148 1275 236 1350 seire,
254 1291 439 1349 quamquam
454 1273 596 1333 aberrare
615 1271 706 1333 alieni
722 1272 877 1347 possimus
891 1273 989 1333 videri
1003 1281 1034 1333 et

58 1360 89 1417 in
105 1359 226 1419 devium
242 1357 341 1417 exire:
364 1357 420 1416 sed
441 1356 502 1415 hoe
514 1357 616 1432 ipsum
631 1372 703 1431 pars
719 1357 776 1416 erit
796 1356 859 1414 irae
872 1371 967 1431 super
982 1372 1032 1417 so·

57 1443 110 1502 lita
128 1440 303 1502 saevientis.
332 1438 489 1500 ceciderat
502 1439 633 1514 flagellis
647 1447 823 1500 senatores:
838 1438 907 1515 ipse
921 1439 1031 1514 effecit,

56 1533 91 1586 ut
105 1526 164 1584 diei
179 1524 293 1599 possin
316 1524 395 1584 solet
410 1523 485 1582 fieri.
512 1530 645 1584 torserat
657 1539 715 1598 per
728 1523 829 1583 omnia
845 1522 970 1599 quaein
984 1539 1030 1584 re-

54 1624 124 1666 rnm
144 1613 253 1668 natura
274 1607 447 1667 tristissima
470 1613 550 1681 sunt,
574 1607 716 1680 fidiculis,
736 1607 892 1682 talaribus,
913 1610 1031 1681 eculeo,

56 1693 137 1766 igne,
152 1691 236 1751 voltu
248 1707 314 1752 suo.
326 1717 327 1722 ι
340 1691 377 1749 Et
387 1690 447 1750 hoe
458 1691 527 1752 loeo
540 1691 787 1766 respondebitur:
803 1708 943 1767 magnam
952 1699 1031 1752 rem!
1046 1697 1064 1750 2

57 1775 84 1834 si
100 1781 162 1834 tres
177 1782 337 1836 senatores
347 1774 443 1849 quasi
457 1789 588 1848 nequam
603 1774 756 1849 mancipia
768 1777 846 1837 inter
860 1776 988 1834 verbera
1002 1783 1032 1836 et

57 1857 198 1918 flammas
215 1859 320 1920 divisit
332 1858 435 1931 homo,
458 1859 509 1933 qui
524 1860 563 1918 de
577 1866 640 1921 toto
659 1866 767 1919 senatu
781 1859 962 1919 trucidando
979 1875 1030 1919 co·

56 1940 179 2015 gitabat,
197 1943 248 2017 qui
263 1942 444 2018 optabatur
459 1944 591 2017 populus
604 1944 760 2004 Romanus
774 1960 865 2003 unam
881 1944 1030 2003 eervioem

55 2024 191 2099 haberet,
207 2033 239 2085 ut
253 2029 372 2086 seelera
386 2041 443 2085 sua
457 2034 501 2086 tot
515 2027 590 2087 loeis
606 2042 643 2086 ae
658 2027 845 2100 temporibus
861 2026 985 2086 diducta
1000 2027 1030 2085 in

55 2123 152 2168 unum
167 2108 256 2170 ictum
279 2118 309 2169 et
322 2125 413 2168 unum
430 2109 510 2168 diem
526 2117 659 2185 cogeret.
690 2110 764 2184 quid
784 2117 845 2169 tam
863 2109 1030 2169 inauditum
1098 2105 1099 2111 ’

58 2206 151 2265 qnam
162 2201 344 2252 nocturnum
356 2192 560 2266 supplicium?
575 2208 643 2252 eum
653 2193 1029 2253 iatrociniatenebrisabs-

56 2274 149 2334 condi
166 2276 292 2347 soleant,
316 2276 605 2350 animadversiones,
628 2291 690 2350 quo
706 2276 840 2336 notiores
859 2282 937 2348 sunt,
961 2277 1029 2349 plus

54 2360 86 2418 in
103 2359 276 2434 exemplum
291 2358 594 2433 emendationemque
614 2359 785 2434 proficiant.
827 2359 865 2418 Et
884 2357 944 2419 boo
961 2359 1029 2418 loeo
1044 2363 1062 2417 3

53 2441 294 2517 respondebitur
309 2442 399 2501 mibi:
419 2443 503 2516 quod
520 2448 603 2502 tanto
620 2457 715 2517 opere
729 2442 897 2516 admiraris,
913 2443 963 2502 isti
978 2442 1029 2501 be·

55 2528 126 2585 luae
141 2525 326 2587 cotidianum
342 2531 398 2586 est.
426 2526 464 2585 ad
478 2525 537 2585 boe
548 2525 630 2600 vivit,
645 2527 684 2585 ad
699 2525 759 2587 boe
777 2525 889 2600 vigilat,
911 2525 949 2585 ad
970 2525 1030 2586 hoe

54 2609 204 2671 lucubrat.
226 2610 320 2669 Nemo
329 2617 410 2669 uerte
424 2610 594 2670 invenietur
605 2612 692 2683 alius,
706 2611 756 2684 qui
766 2609 959 2685 imperaverit
966 2625 1030 2670 om-

54 2691 147 2752 nibus
162 2693 209 2766 iis,
224 2695 252 2753 in
270 2710 350 2768 quos
361 2692 559 2754 animadverti
574 2694 703 2767 iubebat,
720 2710 756 2755 os
770 2696 884 2754 inserte
899 2694 1030 2769 spongia

54 2775 178 2851 includi,
193 2792 232 2835 ue
243 2778 331 2836 vocis
342 2778 522 2836 emittendae
536 2777 683 2837 haberent
693 2779 875 2839 facultatem.
899 2777 947 2837 eui
965 2793 1029 2837 um-

55 2874 149 2934 quam
165 2860 310 2919 morituro
330 2876 391 2921 non
406 2868 453 2919 est
466 2861 601 2920 relietum
621 2877 682 2935 qua
696 2867 851 2934 gemeret?
870 2859 975 2931 nmuit,
992 2874 1030 2917 ne

54 2959 149 3017 quarn
163 2941 335 3002 liberiorem
349 2958 456 3002 vooem
472 2951 626 3002 extremus
642 2943 734 3002 dolor·
744 2943 942 3014 mitten-me
957 2941 1031 3015 quid

32 3027 141 3100 *quod
161 3027 254 3086 nollet
274 3025 399 3085 audiret.
441 3025 558 3084 sciebat
579 3032 678 3086 autem
699 3023 929 3086 innumerabilia
948 3039 1028 3099 esse,

56 3124 137 3183 quae
153 3110 276 3169 obicere
290 3108 331 3168 illi
347 3123 436 3168 nemo
451 3106 510 3167 nisi
522 3108 671 3182 periturus
688 3109 822 3168 auderet.
846 3109 918 3168 Cum
935 3118 1061 3183 spon-4

53 3192 125 3266 giae
140 3208 201 3254 non
215 3192 431 3264 invenirentur,
448 3190 547 3251 scindi
564 3193 741 3255 vestimenta
756 3191 937 3253 miserorum
953 3200 983 3253 et
997 3193 1027 3252 in

56 3291 94 3334 os
109 3275 209 3337 larciri
219 3291 340 3352 pannos
351 3276 526 3351 imperavit=
543 3293 621 3350 quae
635 3276 693 3336 ista
709 3277 836 3350 saevitia
850 3283 918 3337 estt
939 3276 1029 3335 lieeat

56 3355 191 3419 ultimum
207 3359 345 3435 spiritum
360 3359 490 3421 trabere.
517 3359 557 3418 da
572 3359 708 3420 exiturae
721 3361 840 3420 animae
855 3361 964 3422 locum.
993 3358 1026 3416 li-

57 3449 125 3500 neat
137 3442 294 3504 illamnon
315 3459 371 3523 per
384 3441 494 3510 uolnus
512 3441 656 3504 emittere.
685 3443 817 3503 Adicere
838 3442 886 3501 bis
907 3441 1059 3513 lougnmt
