2378 3854
111 198 172 264 170
229 200 282 259 ΑΙ)
299 197 484 259 SERENUM
504 197 606 257 DIAL.
622 197 701 257 Vlll.
720 197 772 256 be
786 194 885 258 OTIO.
907 204 934 259 7.
946 205 973 258 8.

111 353 247 423 titutum,
267 349 294 408 si
316 355 366 408 aut
385 347 533 423 voluptati
553 345 711 407 inminebit
730 346 917 424 poenitentia
936 354 990 407 aut
1002 346 1090 408 daler

82 437 209 497 eminor
222 448 280 507 pro
292 431 435 505 gravione
454 438 613 492 sumeturt
641 430 707 505 Quo
729 431 858 506 pertinet
875 430 954 490 buce
968 430 1091 492 diceret

111 528 145 580 ut
155 519 301 591 adpareat
312 514 596 590 contemplationem
609 516 731 590 plaeere
742 515 894 577 omnibus.
912 513 975 575 Alii
987 520 1090 591 petunt

111 603 207 662 illamz
233 598 322 660 nabis
342 599 422 660 haee
444 598 551 671 statio,
576 614 638 659 nun
664 606 772 674 pertus
797 606 854 659 est.
886 597 989 660 Adice
1011 613 1091 659 nunc

114 685 212 758 [huc],
241 683 324 759 quad
351 685 457 757 alege
478 681 644 760 Chrysippi
667 681 771 743 vivere
789 683 892 743 miasc
911 683 1002 743 licata
1029 698 1088 744 nen

113 769 193 841 dico,
208 773 242 828 ut
256 768 350 828 etium
366 767 505 842 patiatur,
521 767 579 826 sed
594 772 627 826 ut
641 767 739 841 eligat

85 858 98 908 l
173 851 255 911 Vlll.
282 851 399 925 Negant
416 849 512 909 nostri
532 849 701 924 sapientem
725 849 762 908 ad
785 848 952 923 quamlibet
969 865 1088 926 rempu-

112 936 222 997 blicam
233 948 450 1001 accessurum
462 931 536 1007 quiri
548 940 649 993 autem
659 932 959 1008 interestquemode
966 932 1090 1009 sapiens

114 1019 154 1079 ad
168 1018 261 1079 otium
277 1015 386 1088 veniat,
403 1022 503 1076 utrum
518 1015 590 1090 quia
604 1016 782 1092 respublica
794 1016 838 1076 illi
852 1015 950 1092 deest,
966 1033 1006 1077 an
1022 1017 1090 1092 quia

113 1102 182 1175 ipsc
205 1099 414 1175 reipublicaet
452 1099 480 1159 si
503 1099 646 1160 omnibus
676 1100 818 1161 damtuna
845 1100 1025 1176 respublica
1046 1109 1090 1162 est

113 1192 250 1258 (semper
264 1189 365 1245 autem
380 1183 476 1244 deerit
490 1182 650 1244 lastidiose
665 1183 909 1259 quaerentibus»
927 1185 1088 1260 interrege,

113 1268 152 1329 ad
169 1283 261 1343 quam
281 1266 500 1342 rempublicam
522 1268 648 1342 sapiens
663 1268 703 1329 sit
720 1283 915 1329 accessurus.
945 1269 988 1329 ad
1001 1269 1089 1331 Athe·

113 1352 273 1426 niensium,
288 1352 319 1413 in
335 1367 398 1426 qua
407 1350 553 1413 Socrates
564 1351 732 1423 damnatur,
748 1351 942 1425 Aristoteles,
958 1368 999 1412 ne
1009 1354 1088 1412 dam·

114 1445 253 1507 nasetur,
269 1435 364 1509 lugitl
386 1435 416 1495 in
433 1451 494 1510 qua
508 1436 655 1510 opprimit
667 1433 782 1496 invidie
794 1437 945 1496 virtutes?
964 1434 1089 1513 negabb

85 1519 186 1578 lmihi
209 1533 407 1580 accessurum
431 1519 472 1580 ad
496 1519 576 1579 hanc
600 1520 816 1595 rempublicam
838 1519 1020 1594 sapientem.
1052 1516 1089 1579 ad

115 1600 406 1674 carmaginiensium
423 1617 498 1675 ergo
518 1603 737 1677 rempublicam
757 1602 882 1677 sapiens
898 1603 1041 1677 accedet,
1060 1601 1088 1661 in

115 1702 176 1760 qua
189 1683 320 1745 adsidua
334 1684 444 1745 seditio
463 1692 493 1745 et
507 1687 622 1758 optimo
642 1686 754 1761 cuique
773 1685 884 1746 infesta
898 1685 1025 1748 libertas
1037 1692 1088 1757 est,

115 1784 232 1831 summa
251 1769 395 1843 aepulae
414 1767 487 1829 beni
507 1767 621 1843 vilitas,
643 1769 794 1830 adversus
808 1768 915 1829 hostes
930 1769 1089 1831 inhumana

115 1850 293 1922 erudelitas,
316 1852 406 1913 ctiam
426 1852 577 1912 adversus
598 1868 673 1913 sues
687 1852 829 1913 bestilist
850 1859 882 1913 et
894 1852 976 1913 banc
989 1852 1089 1929 rugia

85 1933 148 1997 asi
161 1949 345 2008 percensere
361 1934 498 2009 singulas
513 1935 663 2009 noluero,
689 1937 800 1997 nullam
820 1933 991 2011 inveniam,
1015 1950 1090 2014 quae

116 2018 284 2094 sapientem
309 2026 361 2080 aut
385 2034 476 2094 quam
502 2018 627 2093 sapiens
655 2019 717 2094 peti
740 2019 849 2095 pessit.
887 2019 1009 2093 Quodsi
1029 2030 1089 2081 nun

115 2101 267 2164 iuvenitur
287 2101 338 2162 illa
363 2101 554 2177 respublica,
579 2118 672 2177 quam
691 2103 780 2164 nobis
801 2104 963 2179 tingimus,
991 2102 1091 2181 incipit

117 2185 258 2248 omnibus
271 2202 343 2246 esse
358 2186 452 2249 etium
466 2186 689 2259 necessarium,
712 2188 784 2263 quia
800 2188 884 2263 qued
897 2204 993 2251 aurun
1007 2202 1091 2267 prae

86 2269 188 2333 eierri
209 2277 328 2346 peterat
343 2271 420 2344 etia,
442 2286 595 2345 nusquam
615 2277 678 2331 est.
708 2270 741 2332 Si
761 2273 831 2347 quis
852 2270 929 2337 dicit
947 2274 1090 2351 eptimam

116 2370 188 2417 esse
208 2352 369 2430 navigare,
390 2354 503 2415 deinde
518 2362 610 2427 negat
628 2355 832 2430 navigandum
852 2355 883 2416 in
897 2372 938 2417 eo
952 2356 1089 2433 mari,la

117 2453 178 2512 que
199 2438 358 2511 rraulragia
379 2438 444 2498 lieri
465 2438 584 2498 soleant
604 2445 634 2498 et
655 2438 831 2515 frequenter
844 2439 968 2501 sabina
979 2448 1089 2517 tempe

117 2528 211 2583 states
233 2521 307 2591 sint,
331 2536 410 2594 quae
429 2528 579 2596 rectorem
598 2521 628 2581 in
650 2524 834 2584 contrarium
854 2523 995 2599 rapienti
1020 2528 1089 2601 puta

115 2600 166 2663 bic
179 2616 228 2661 me
242 2609 326 2664 vetat
338 2618 446 2663 navem
457 2604 589 2677 solvere,
605 2620 674 2665 eum
685 2606 788 2667 laudet
798 2605 1036 2681 nanceianum.
1042 2602 1091 2649 *l*
