<?xml version="1.0" encoding="UTF-8"?>
<!DOCTYPE html PUBLIC "-//W3C//DTD XHTML 1.0 Transitional//EN"
    "http://www.w3.org/TR/xhtml1/DTD/xhtml1-transitional.dtd">
<html xmlns="http://www.w3.org/1999/xhtml" xml:lang="en" lang="en">
 <head>
  <title>
</title>
<meta http-equiv="Content-Type" content="text/html;charset=utf-8" />
  <meta name='ocr-system' content='tesseract 3.04.00' />
  <meta name='ocr-capabilities' content='ocr_page ocr_carea ocr_par ocr_line ocrx_word'/>
</head>
<body>
  <div class='ocr_page' id='page_1' title='image "./lannaeisenecaeo03senegoog_0211.png"; bbox 0 0 2378 3856; ppageno 0'>
   <div class='ocr_carea' id='block_1_1' title="bbox 165 186 948 255">
    <p class='ocr_par' dir='ltr' id='par_1_1' title="bbox 165 186 948 255">
     <span class='ocr_line' id='line_1_1' title="bbox 165 186 948 255; baseline -0.003 0"><span class='ocrx_word' id='word_1_1' title='bbox 165 190 228 255; x_wconf 72' lang='grc'>194</span> <span class='ocrx_word' id='word_1_2' title='bbox 358 190 393 249; x_wconf 85' lang='lat' dir='ltr'>L.</span> <span class='ocrx_word' id='word_1_3' title='bbox 412 187 561 249; x_wconf 76' lang='lat' dir='ltr'>nucum</span> <span class='ocrx_word' id='word_1_4' title='bbox 581 186 759 249; x_wconf 74' lang='lat' dir='ltr'><strong>SENECAE</strong></span> <span class='ocrx_word' id='word_1_5' title='bbox 779 186 883 251; x_wconf 73' lang='lat' dir='ltr'>nist.</span> <span class='ocrx_word' id='word_1_6' title='bbox 895 187 948 253; x_wconf 79' lang='lat' dir='ltr'>lX·</span> 
     </span>
    </p>
   </div>
   <div class='ocr_carea' id='block_1_2' title="bbox 132 341 1145 3435">
    <p class='ocr_par' dir='ltr' id='par_1_2' title="bbox 132 341 1145 3435">
     <span class='ocr_line' id='line_1_2' title="bbox 164 341 1144 421; baseline 0.003 -16"><span class='ocrx_word' id='word_1_7' title='bbox 164 345 275 421; x_wconf 76' lang='lat' dir='ltr'>ignave</span> <span class='ocrx_word' id='word_1_8' title='bbox 290 342 454 419; x_wconf 86' lang='lat' dir='ltr'>periemnt,</span> <span class='ocrx_word' id='word_1_9' title='bbox 470 341 544 401; x_wconf 80' lang='lat' dir='ltr'>nihil</span> <span class='ocrx_word' id='word_1_10' title='bbox 558 341 657 417; x_wconf 85' lang='lat' dir='ltr'>periit.</span> <span class='ocrx_word' id='word_1_11' title='bbox 678 349 731 403; x_wconf 87' lang='lat' dir='ltr'>unt</span> <span class='ocrx_word' id='word_1_12' title='bbox 744 341 828 417; x_wconf 75' lang='lat' dir='ltr'>dmi</span> <span class='ocrx_word' id='word_1_13' title='bbox 842 349 925 419; x_wconf 83' lang='lat' dir='ltr'>snut,</span> <span class='ocrx_word' id='word_1_14' title='bbox 939 358 1077 420; x_wconf 83' lang='lat' dir='ltr'>quorum</span> <span class='ocrx_word' id='word_1_15' title='bbox 1091 344 1144 407; x_wconf 84' lang='lat' dir='ltr'>uir·</span> 
     </span>
     <span class='ocr_line' id='line_1_3' title="bbox 165 424 1145 503; baseline 0.001 -13"><span class='ocrx_word' id='word_1_16' title='bbox 165 436 214 490; x_wconf 88' lang='lat' dir='ltr'>tus</span> <span class='ocrx_word' id='word_1_17' title='bbox 229 425 283 488; x_wconf 91' lang='lat' dir='ltr'>tibi</span> <span class='ocrx_word' id='word_1_18' title='bbox 298 428 433 503; x_wconf 82' lang='lat' dir='ltr'>placent,</span> <span class='ocrx_word' id='word_1_19' title='bbox 447 433 501 487; x_wconf 84' lang='lat' dir='ltr'>eut</span> <span class='ocrx_word' id='word_1_20' title='bbox 513 425 646 500; x_wconf 77' lang='lat' dir='ltr'>indigni,</span> <span class='ocrx_word' id='word_1_21' title='bbox 662 441 795 501; x_wconf 85' lang='lat' dir='ltr'>quorum</span> <span class='ocrx_word' id='word_1_22' title='bbox 807 424 1007 489; x_wconf 75' lang='lat' dir='ltr'>desideretur</span> <span class='ocrx_word' id='word_1_23' title='bbox 1016 426 1145 503; x_wconf 75' lang='lat' dir='ltr'>ipsanio</span> 
     </span>
     <span class='ocr_line' id='line_1_4' title="bbox 166 507 1144 589; baseline 0 -16"><span class='ocrx_word' id='word_1_24' title='bbox 166 512 239 589; x_wconf 84' lang='lat' dir='ltr'>quid</span> <span class='ocrx_word' id='word_1_25' title='bbox 259 511 341 571; x_wconf 91' lang='lat' dir='ltr'>euim</span> <span class='ocrx_word' id='word_1_26' title='bbox 363 518 412 571; x_wconf 90' lang='lat' dir='ltr'>est</span> <span class='ocrx_word' id='word_1_27' title='bbox 426 510 547 584; x_wconf 82' lang='lat' dir='ltr'><strong>turpius</strong></span> <span class='ocrx_word' id='word_1_28' title='bbox 562 509 695 585; x_wconf 84' lang='lat' dir='ltr'>quamsi</span> <span class='ocrx_word' id='word_1_29' title='bbox 711 507 837 571; x_wconf 78' lang='lat' dir='ltr'>murimi</span> <span class='ocrx_word' id='word_1_30' title='bbox 850 507 909 571; x_wconf 84' lang='lat' dir='ltr'>viri</span> <span class='ocrx_word' id='word_1_31' title='bbox 922 510 1053 577; x_wconf 88' lang='lat' dir='ltr'>timidos</span> <span class='ocrx_word' id='word_1_32' title='bbox 1067 512 1144 575; x_wconf 65' lang='lat' dir='ltr'>loru}</span> 
     </span>
     <span class='ocr_line' id='line_1_5' title="bbox 132 591 1145 668; baseline -0.002 -7"><span class='ocrx_word' id='word_1_33' title='bbox 132 606 151 661; x_wconf 85' lang='lat' dir='ltr'>a</span> <span class='ocrx_word' id='word_1_34' title='bbox 164 604 211 657; x_wconf 87' lang='lat' dir='ltr'>ter</span> <span class='ocrx_word' id='word_1_35' title='bbox 224 593 384 657; x_wconf 87' lang='lat' dir='ltr'>moriendo</span> <span class='ocrx_word' id='word_1_36' title='bbox 399 592 533 655; x_wconf 81' lang='lat' dir='ltr'>lucinntt</span> <span class='ocrx_word' id='word_1_37' title='bbox 551 592 728 655; x_wconf 74' lang='lat' dir='ltr'>Laudemus</span> <span class='ocrx_word' id='word_1_38' title='bbox 741 592 855 653; x_wconf 90' lang='lat' dir='ltr'>totiens</span> <span class='ocrx_word' id='word_1_39' title='bbox 865 591 995 668; x_wconf 74' lang='grc' dir='ltr'><strong>ιιίςιιιιιιι</strong></span> <span class='ocrx_word' id='word_1_40' title='bbox 1004 596 1145 659; x_wconf 86' lang='lat' dir='ltr'>laudibus</span> 
     </span>
     <span class='ocr_line' id='line_1_6' title="bbox 166 675 1145 759; baseline 0 -18"><span class='ocrx_word' id='word_1_41' title='bbox 166 688 197 740; x_wconf 87' lang='lat' dir='ltr'>et</span> <span class='ocrx_word' id='word_1_42' title='bbox 210 678 366 741; x_wconf 75' lang='lat' dir='ltr'>dicamnss</span> <span class='ocrx_word' id='word_1_43' title='bbox 378 685 462 741; x_wconf 90' lang='lat' dir='ltr'>tanto</span> <span class='ocrx_word' id='word_1_44' title='bbox 473 678 590 749; x_wconf 74' lang='lat' dir='ltr'>turbor,</span> <span class='ocrx_word' id='word_1_45' title='bbox 602 684 685 759; x_wconf 80' lang='lat' dir='ltr'>tanto</span> <span class='ocrx_word' id='word_1_46' title='bbox 698 675 831 738; x_wconf 82' lang='lat' dir='ltr'>letioiort</span> <span class='ocrx_word' id='word_1_47' title='bbox 846 676 990 741; x_wconf 86' lang='lat' dir='ltr'>homiues</span> <span class='ocrx_word' id='word_1_48' title='bbox 1001 677 1145 755; x_wconf 67' lang='lat' dir='ltr'>effugisti,</span> 
     </span>
     <span class='ocr_line' id='line_1_7' title="bbox 166 758 1145 837; baseline 0.002 -12"><span class='ocrx_word' id='word_1_49' title='bbox 166 778 275 837; x_wconf 83' lang='lat' dir='ltr'>cesus,</span> <span class='ocrx_word' id='word_1_50' title='bbox 297 764 439 833; x_wconf 90' lang='lat' dir='ltr'>livorem,</span> <span class='ocrx_word' id='word_1_51' title='bbox 454 762 603 824; x_wconf 86' lang='lat' dir='ltr'>morbum.</span> <span class='ocrx_word' id='word_1_52' title='bbox 635 761 728 822; x_wconf 85' lang='lat' dir='ltr'>existi</span> <span class='ocrx_word' id='word_1_53' title='bbox 741 775 781 821; x_wconf 85' lang='lat' dir='ltr'>ex</span> <span class='ocrx_word' id='word_1_54' title='bbox 795 758 948 829; x_wconf 80' lang='lat' dir='ltr'>custodie.</span> <span class='ocrx_word' id='word_1_55' title='bbox 975 778 1042 825; x_wconf 92' lang='lat' dir='ltr'>nou</span> <span class='ocrx_word' id='word_1_56' title='bbox 1056 770 1092 827; x_wconf 85' lang='lat' dir='ltr'>tu</span> <span class='ocrx_word' id='word_1_57' title='bbox 1103 764 1145 827; x_wconf 89' lang='lat' dir='ltr'>di-</span> 
     </span>
     <span class='ocr_line' id='line_1_8' title="bbox 165 844 1145 923; baseline -0.001 -15"><span class='ocrx_word' id='word_1_58' title='bbox 165 863 246 923; x_wconf 70' lang='lat' dir='ltr'>gnus</span> <span class='ocrx_word' id='word_1_59' title='bbox 266 848 348 907; x_wconf 83' lang='lat' dir='ltr'>mala</span> <span class='ocrx_word' id='word_1_60' title='bbox 364 846 487 907; x_wconf 82' lang='lat' dir='ltr'>fortuna</span> <span class='ocrx_word' id='word_1_61' title='bbox 506 844 557 905; x_wconf 88' lang='lat' dir='ltr'>dis</span> <span class='ocrx_word' id='word_1_62' title='bbox 570 844 658 905; x_wconf 88' lang='lat' dir='ltr'>visus</span> <span class='ocrx_word' id='word_1_63' title='bbox 672 860 723 918; x_wconf 86' lang='lat' dir='ltr'>es,</span> <span class='ocrx_word' id='word_1_64' title='bbox 749 844 807 905; x_wconf 88' lang='lat' dir='ltr'>sed</span> <span class='ocrx_word' id='word_1_65' title='bbox 821 844 984 921; x_wconf 68' lang='lat' dir='ltr'>indiguus,</span> <span class='ocrx_word' id='word_1_66' title='bbox 1010 847 1042 907; x_wconf 90' lang='lat' dir='ltr'>iu</span> <span class='ocrx_word' id='word_1_67' title='bbox 1058 862 1145 923; x_wconf 78' lang='lat' dir='ltr'>quun</span> 
     </span>
     <span class='ocr_line' id='line_1_9' title="bbox 165 927 1143 1005; baseline 0.004 -14"><span class='ocrx_word' id='word_1_68' title='bbox 165 933 225 991; x_wconf 88' lang='lat' dir='ltr'>inm</span> <span class='ocrx_word' id='word_1_69' title='bbox 240 929 358 1005; x_wconf 86' lang='lat' dir='ltr'>aliquid</span> <span class='ocrx_word' id='word_1_70' title='bbox 375 930 497 991; x_wconf 84' lang='lat' dir='ltr'>tortum</span> <span class='ocrx_word' id='word_1_71' title='bbox 511 935 630 1003; x_wconf 87' lang='lat' dir='ltr'>posset</span> <span class='ocrx_word' id='word_1_72' title='bbox 663 927 914 991; x_wconf 86' lang='lat' dir='ltr'>Subducentibus</span> <span class='ocrx_word' id='word_1_73' title='bbox 927 944 1007 991; x_wconf 89' lang='lat' dir='ltr'>vero</span> <span class='ocrx_word' id='word_1_74' title='bbox 1020 930 1143 995; x_wconf 84' lang='lat' dir='ltr'>seetiu</span> 
     </span>
     <span class='ocr_line' id='line_1_10' title="bbox 165 1011 1143 1088; baseline 0.004 -15"><span class='ocrx_word' id='word_1_75' title='bbox 165 1015 235 1088; x_wconf 85' lang='lat' dir='ltr'>ipsa</span> <span class='ocrx_word' id='word_1_76' title='bbox 261 1019 359 1073; x_wconf 90' lang='lat' dir='ltr'>morte</span> <span class='ocrx_word' id='word_1_77' title='bbox 384 1012 425 1073; x_wconf 86' lang='lat' dir='ltr'>ed</span> <span class='ocrx_word' id='word_1_78' title='bbox 451 1012 545 1073; x_wconf 86' lang='lat' dir='ltr'>vitam</span> <span class='ocrx_word' id='word_1_79' title='bbox 567 1011 815 1087; x_wconf 69' lang='lat' dir='ltr'>respectantibus</span> <span class='ocrx_word' id='word_1_80' title='bbox 838 1028 951 1077; x_wconf 81' lang='lat' dir='ltr'>manus</span> <span class='ocrx_word' id='word_1_81' title='bbox 975 1013 1143 1083; x_wconf 81' lang='lat' dir='ltr'>iniciendus</span> 
     </span>
     <span class='ocr_line' id='line_1_11' title="bbox 132 1094 1142 1169; baseline 0.004 -12"><span class='ocrx_word' id='word_1_82' title='bbox 132 1103 246 1163; x_wconf 65' lang='lat' dir='ltr'>nsunt</span> <span class='ocrx_word' id='word_1_83' title='bbox 279 1096 434 1157; x_wconf 85' lang='lat' dir='ltr'>Neminem</span> <span class='ocrx_word' id='word_1_84' title='bbox 449 1094 532 1157; x_wconf 87' lang='lat' dir='ltr'>llebo</span> <span class='ocrx_word' id='word_1_85' title='bbox 547 1097 677 1169; x_wconf 86' lang='lat' dir='ltr'>laetum,</span> <span class='ocrx_word' id='word_1_86' title='bbox 701 1096 854 1158; x_wconf 86' lang='lat' dir='ltr'>neminem</span> <span class='ocrx_word' id='word_1_87' title='bbox 865 1094 1012 1165; x_wconf 82' lang='lat' dir='ltr'>lientems</span> <span class='ocrx_word' id='word_1_88' title='bbox 1037 1098 1091 1159; x_wconf 92' lang='lat' dir='ltr'>ille</span> <span class='ocrx_word' id='word_1_89' title='bbox 1105 1098 1142 1161; x_wconf 76' lang='lat' dir='ltr'>la</span> 
     </span>
     <span class='ocr_line' id='line_1_12' title="bbox 166 1178 1143 1258; baseline 0 -15"><span class='ocrx_word' id='word_1_90' title='bbox 166 1180 278 1243; x_wconf 80' lang='lat' dir='ltr'>emmas</span> <span class='ocrx_word' id='word_1_91' title='bbox 299 1195 386 1241; x_wconf 87' lang='lat' dir='ltr'>meus</span> <span class='ocrx_word' id='word_1_92' title='bbox 401 1180 473 1257; x_wconf 89' lang='lat' dir='ltr'>ipse</span> <span class='ocrx_word' id='word_1_93' title='bbox 483 1181 644 1254; x_wconf 79' lang='lat' dir='ltr'>abstersit,</span> <span class='ocrx_word' id='word_1_94' title='bbox 669 1178 720 1241; x_wconf 86' lang='lat' dir='ltr'>bio</span> <span class='ocrx_word' id='word_1_95' title='bbox 734 1178 801 1241; x_wconf 90' lang='lat' dir='ltr'>suis</span> <span class='ocrx_word' id='word_1_96' title='bbox 815 1180 950 1243; x_wconf 87' lang='lat' dir='ltr'>lacrimis</span> <span class='ocrx_word' id='word_1_97' title='bbox 962 1179 1087 1258; x_wconf 75' lang='lat' dir='ltr'>effecit,</span> <span class='ocrx_word' id='word_1_98' title='bbox 1108 1196 1143 1243; x_wconf 90' lang='lat' dir='ltr'>ne</span> 
     </span>
     <span class='ocr_line' id='line_1_13' title="bbox 164 1262 1141 1340; baseline 0 -13"><span class='ocrx_word' id='word_1_99' title='bbox 164 1264 237 1327; x_wconf 90' lang='lat' dir='ltr'>ullis</span> <span class='ocrx_word' id='word_1_100' title='bbox 253 1263 366 1339; x_wconf 73' lang='lat' dir='ltr'>dignus</span> <span class='ocrx_word' id='word_1_101' title='bbox 381 1264 429 1325; x_wconf 86' lang='lat' dir='ltr'>sit</span> <span class='ocrx_word' id='word_1_102' title='bbox 450 1262 817 1339; x_wconf 65' lang='lat' dir='ltr'>monendomum,</span> <span class='ocrx_word' id='word_1_103' title='bbox 833 1264 920 1340; x_wconf 83' lang='lat' dir='ltr'>quod</span> <span class='ocrx_word' id='word_1_104' title='bbox 932 1264 1027 1327; x_wconf 86' lang='lat' dir='ltr'>vivus</span> <span class='ocrx_word' id='word_1_105' title='bbox 1039 1266 1141 1339; x_wconf 88' lang='lat' dir='ltr'>mitur,</span> 
     </span>
     <span class='ocr_line' id='line_1_14' title="bbox 165 1348 1142 1427; baseline 0.003 -17"><span class='ocrx_word' id='word_1_106' title='bbox 165 1357 219 1410; x_wconf 89' lang='lat' dir='ltr'>aut</span> <span class='ocrx_word' id='word_1_107' title='bbox 232 1349 398 1424; x_wconf 68' lang='lat' dir='ltr'>Regulum,</span> <span class='ocrx_word' id='word_1_108' title='bbox 423 1348 509 1424; x_wconf 71' lang='lat' dir='ltr'>&lt;pund</span> <span class='ocrx_word' id='word_1_109' title='bbox 523 1356 569 1411; x_wconf 85' lang='lat' dir='ltr'>tot</span> <span class='ocrx_word' id='word_1_110' title='bbox 582 1348 679 1409; x_wconf 84' lang='lat' dir='ltr'>clavis</span> <span class='ocrx_word' id='word_1_111' title='bbox 693 1348 897 1423; x_wconf 73' lang='lat' dir='ltr'>transfigitur,</span> <span class='ocrx_word' id='word_1_112' title='bbox 917 1354 972 1427; x_wconf 83' lang='lat' dir='ltr'>aut</span> <span class='ocrx_word' id='word_1_113' title='bbox 985 1348 1142 1425; x_wconf 69' lang='lat' dir='ltr'>Catonum</span> 
     </span>
     <span class='ocr_line' id='line_1_15' title="bbox 167 1429 1144 1511; baseline 0.001 -17"><span class='ocrx_word' id='word_1_114' title='bbox 167 1433 387 1508; x_wconf 87' lang='lat' dir='ltr'>quodvolnera</span> <span class='ocrx_word' id='word_1_115' title='bbox 398 1433 576 1493; x_wconf 60' lang='lat' dir='ltr'>suaebrott</span> <span class='ocrx_word' id='word_1_116' title='bbox 594 1431 709 1493; x_wconf 87' lang='lat' dir='ltr'>Omnes</span> <span class='ocrx_word' id='word_1_117' title='bbox 721 1432 771 1493; x_wconf 89' lang='lat' dir='ltr'>isti</span> <span class='ocrx_word' id='word_1_118' title='bbox 782 1429 1007 1508; x_wconf 82' lang='lat' dir='ltr'>levitemporis</span> <span class='ocrx_word' id='word_1_119' title='bbox 1017 1434 1144 1511; x_wconf 72' lang='lat' dir='ltr'>inpmsr</span> 
     </span>
     <span class='ocr_line' id='line_1_16' title="bbox 167 1515 1144 1597; baseline 0.006 -23"><span class='ocrx_word' id='word_1_120' title='bbox 167 1517 356 1588; x_wconf 89' lang='lat' dir='ltr'>invenerunt,</span> <span class='ocrx_word' id='word_1_121' title='bbox 373 1517 530 1591; x_wconf 88' lang='lat' dir='ltr'>quomodo</span> <span class='ocrx_word' id='word_1_122' title='bbox 538 1517 660 1597; x_wconf 22' lang='lat' dir='ltr'>&#39;aeterni</span> <span class='ocrx_word' id='word_1_123' title='bbox 675 1515 792 1590; x_wconf 82' lang='lat' dir='ltr'>fierent,</span> <span class='ocrx_word' id='word_1_124' title='bbox 809 1515 892 1577; x_wconf 90' lang='lat' dir='ltr'>etad</span> <span class='ocrx_word' id='word_1_125' title='bbox 902 1516 1144 1579; x_wconf 69' lang='lat' dir='ltr'>inmortalitatem</span> 
     </span>
     <span class='ocr_line' id='line_1_17' title="bbox 166 1600 500 1660; baseline 0.003 -1"><span class='ocrx_word' id='word_1_126' title='bbox 166 1600 326 1660; x_wconf 87' lang='lat' dir='ltr'>moriendo</span> <span class='ocrx_word' id='word_1_127' title='bbox 340 1607 500 1660; x_wconf 78' lang='lat' dir='ltr'>venerunt</span> 
     </span>
     <span class='ocr_line' id='line_1_18' title="bbox 137 1682 1143 1747; baseline 0.008 -8"><span class='ocrx_word' id='word_1_128' title='bbox 137 1690 150 1739; x_wconf 92' lang='grc' dir='ltr'><strong>ι</strong></span> <span class='ocrx_word' id='word_1_129' title='bbox 229 1682 324 1743; x_wconf 85' lang='lat' dir='ltr'>xvlt.</span> <span class='ocrx_word' id='word_1_130' title='bbox 355 1682 423 1743; x_wconf 85' lang='lat' dir='ltr'>Est</span> <span class='ocrx_word' id='word_1_131' title='bbox 443 1682 1143 1747; x_wconf 86' lang='lat' dir='ltr'>etillnsotlioitudinumnonmedio·</span> 
     </span>
     <span class='ocr_line' id='line_1_19' title="bbox 167 1765 1143 1842; baseline 0.002 -15"><span class='ocrx_word' id='word_1_132' title='bbox 167 1766 247 1829; x_wconf 89' lang='lat' dir='ltr'>cris</span> <span class='ocrx_word' id='word_1_133' title='bbox 272 1765 451 1839; x_wconf 78' lang='lat' dir='ltr'>materia,</span> <span class='ocrx_word' id='word_1_134' title='bbox 477 1767 510 1827; x_wconf 93' lang='lat' dir='ltr'>si</span> <span class='ocrx_word' id='word_1_135' title='bbox 535 1773 571 1826; x_wconf 93' lang='lat' dir='ltr'>te</span> <span class='ocrx_word' id='word_1_136' title='bbox 595 1767 711 1825; x_wconf 87' lang='lat' dir='ltr'>anxie</span> <span class='ocrx_word' id='word_1_137' title='bbox 735 1782 942 1842; x_wconf 79' lang='lat' dir='ltr'>conponas</span> <span class='ocrx_word' id='word_1_138' title='bbox 963 1768 1143 1831; x_wconf 89' lang='lat' dir='ltr'>necullis</span> 
     </span>
     <span class='ocr_line' id='line_1_20' title="bbox 167 1850 1144 1925; baseline 0.003 -14"><span class='ocrx_word' id='word_1_139' title='bbox 167 1850 404 1924; x_wconf 87' lang='lat' dir='ltr'>simpliciter</span> <span class='ocrx_word' id='word_1_140' title='bbox 419 1850 616 1922; x_wconf 72' lang='lat' dir='ltr'>oetentiae,</span> <span class='ocrx_word' id='word_1_141' title='bbox 633 1851 732 1924; x_wconf 87' lang='lat' dir='ltr'>qualis</span> <span class='ocrx_word' id='word_1_142' title='bbox 747 1851 985 1913; x_wconf 83' lang='lat' dir='ltr'>multorumvitu</span> <span class='ocrx_word' id='word_1_143' title='bbox 995 1858 1054 1925; x_wconf 89' lang='lat' dir='ltr'>est,</span> <span class='ocrx_word' id='word_1_144' title='bbox 1068 1850 1144 1923; x_wconf 83' lang='lat' dir='ltr'>dots,</span> 
     </span>
     <span class='ocr_line' id='line_1_21' title="bbox 168 1931 1145 2008; baseline 0.006 -15"><span class='ocrx_word' id='word_1_145' title='bbox 168 1931 364 1993; x_wconf 87' lang='lat' dir='ltr'>ostentationi</span> <span class='ocrx_word' id='word_1_146' title='bbox 379 1941 496 2008; x_wconf 88' lang='lat' dir='ltr'>parata.</span> <span class='ocrx_word' id='word_1_147' title='bbox 524 1939 649 2007; x_wconf 88' lang='lat' dir='ltr'>torquet</span> <span class='ocrx_word' id='word_1_148' title='bbox 664 1932 744 1993; x_wconf 92' lang='lat' dir='ltr'>enim</span> <span class='ocrx_word' id='word_1_149' title='bbox 760 1934 893 1995; x_wconf 83' lang='lat' dir='ltr'>adsidua</span> <span class='ocrx_word' id='word_1_150' title='bbox 905 1934 1087 1999; x_wconf 74' lang='lat' dir='ltr'>obsmnutio</span> <span class='ocrx_word' id='word_1_151' title='bbox 1100 1933 1145 1999; x_wconf 86' lang='lat' dir='ltr'>sul</span> 
     </span>
     <span class='ocr_line' id='line_1_22' title="bbox 167 2015 1145 2095; baseline 0.005 -19"><span class='ocrx_word' id='word_1_152' title='bbox 167 2024 199 2076; x_wconf 88' lang='lat' dir='ltr'>et</span> <span class='ocrx_word' id='word_1_153' title='bbox 212 2015 403 2092; x_wconf 87' lang='lat' dir='ltr'>deprehendi</span> <span class='ocrx_word' id='word_1_154' title='bbox 417 2016 504 2077; x_wconf 85' lang='lat' dir='ltr'>aliter</span> <span class='ocrx_word' id='word_1_155' title='bbox 521 2032 558 2077; x_wconf 90' lang='lat' dir='ltr'>ac</span> <span class='ocrx_word' id='word_1_156' title='bbox 575 2017 669 2092; x_wconf 87' lang='lat' dir='ltr'>solet,</span> <span class='ocrx_word' id='word_1_157' title='bbox 690 2019 810 2092; x_wconf 87' lang='lat' dir='ltr'>metuit,</span> <span class='ocrx_word' id='word_1_158' title='bbox 835 2032 893 2077; x_wconf 88' lang='lat' dir='ltr'>nec</span> <span class='ocrx_word' id='word_1_159' title='bbox 907 2034 1061 2095; x_wconf 83' lang='lat' dir='ltr'>nmquam</span> <span class='ocrx_word' id='word_1_160' title='bbox 1075 2032 1145 2081; x_wconf 87' lang='lat' dir='ltr'>cure</span> 
     </span>
     <span class='ocr_line' id='line_1_23' title="bbox 167 2098 1145 2178; baseline 0.001 -16"><span class='ocrx_word' id='word_1_161' title='bbox 167 2101 330 2174; x_wconf 87' lang='lat' dir='ltr'>solvimur,</span> <span class='ocrx_word' id='word_1_162' title='bbox 353 2098 408 2163; x_wconf 88' lang='lat' dir='ltr'>ubi</span> <span class='ocrx_word' id='word_1_163' title='bbox 432 2101 544 2164; x_wconf 86' lang='lat' dir='ltr'>totiens</span> <span class='ocrx_word' id='word_1_164' title='bbox 564 2117 622 2162; x_wconf 91' lang='lat' dir='ltr'>nos</span> <span class='ocrx_word' id='word_1_165' title='bbox 644 2101 798 2163; x_wconf 85' lang='lat' dir='ltr'>aestimari</span> <span class='ocrx_word' id='word_1_166' title='bbox 818 2108 977 2177; x_wconf 88' lang='lat' dir='ltr'>putamus,</span> <span class='ocrx_word' id='word_1_167' title='bbox 1005 2102 1145 2178; x_wconf 77' lang='lat' dir='ltr'>quodem</span> 
     </span>
     <span class='ocr_line' id='line_1_24' title="bbox 167 2184 1144 2261; baseline 0.004 -16"><span class='ocrx_word' id='word_1_168' title='bbox 167 2185 297 2261; x_wconf 84' lang='lat' dir='ltr'>adspici.</span> <span class='ocrx_word' id='word_1_169' title='bbox 326 2184 403 2245; x_wconf 85' lang='lat' dir='ltr'>Num</span> <span class='ocrx_word' id='word_1_170' title='bbox 423 2192 453 2245; x_wconf 88' lang='lat' dir='ltr'>st</span> <span class='ocrx_word' id='word_1_171' title='bbox 470 2186 564 2245; x_wconf 90' lang='lat' dir='ltr'>multa</span> <span class='ocrx_word' id='word_1_172' title='bbox 577 2185 731 2259; x_wconf 81' lang='lat' dir='ltr'>incidrmt,</span> <span class='ocrx_word' id='word_1_173' title='bbox 757 2200 837 2260; x_wconf 83' lang='lat' dir='ltr'>quae</span> <span class='ocrx_word' id='word_1_174' title='bbox 851 2184 966 2247; x_wconf 83' lang='lat' dir='ltr'>invitos</span> <span class='ocrx_word' id='word_1_175' title='bbox 980 2186 1144 2259; x_wconf 83' lang='lat' dir='ltr'>denudeut,</span> 
     </span>
     <span class='ocr_line' id='line_1_25' title="bbox 167 2268 1145 2343; baseline 0.001 -13"><span class='ocrx_word' id='word_1_176' title='bbox 167 2278 210 2341; x_wconf 91' lang='lat' dir='ltr'>et,</span> <span class='ocrx_word' id='word_1_177' title='bbox 224 2277 260 2331; x_wconf 88' lang='lat' dir='ltr'>ut</span> <span class='ocrx_word' id='word_1_178' title='bbox 272 2268 353 2331; x_wconf 88' lang='lat' dir='ltr'>bene</span> <span class='ocrx_word' id='word_1_179' title='bbox 368 2269 458 2330; x_wconf 85' lang='lat' dir='ltr'>cedat</span> <span class='ocrx_word' id='word_1_180' title='bbox 470 2268 615 2331; x_wconf 85' lang='lat' dir='ltr'>tantasui</span> <span class='ocrx_word' id='word_1_181' title='bbox 632 2269 801 2343; x_wconf 80' lang='lat' dir='ltr'>diligentia,</span> <span class='ocrx_word' id='word_1_182' title='bbox 817 2286 880 2331; x_wconf 91' lang='lat' dir='ltr'>non</span> <span class='ocrx_word' id='word_1_183' title='bbox 893 2276 999 2331; x_wconf 88' lang='lat' dir='ltr'>tomen</span> <span class='ocrx_word' id='word_1_184' title='bbox 1012 2268 1145 2333; x_wconf 82' lang='lat' dir='ltr'>iucunde</span> 
     </span>
     <span class='ocr_line' id='line_1_26' title="bbox 134 2352 1145 2428; baseline 0.002 -13"><span class='ocrx_word' id='word_1_185' title='bbox 134 2355 228 2415; x_wconf 76' lang='lat' dir='ltr'>tvitu</span> <span class='ocrx_word' id='word_1_186' title='bbox 252 2360 306 2414; x_wconf 84' lang='lat' dir='ltr'>aut</span> <span class='ocrx_word' id='word_1_187' title='bbox 329 2368 440 2415; x_wconf 84' lang='lat' dir='ltr'>seeum</span> <span class='ocrx_word' id='word_1_188' title='bbox 459 2360 509 2413; x_wconf 87' lang='lat' dir='ltr'>est</span> <span class='ocrx_word' id='word_1_189' title='bbox 529 2368 653 2428; x_wconf 83' lang='lat' dir='ltr'>semper</span> <span class='ocrx_word' id='word_1_190' title='bbox 672 2352 731 2413; x_wconf 91' lang='lat' dir='ltr'>sub</span> <span class='ocrx_word' id='word_1_191' title='bbox 746 2367 881 2428; x_wconf 84' lang='lat' dir='ltr'>persona</span> <span class='ocrx_word' id='word_1_192' title='bbox 894 2353 1077 2417; x_wconf 82' lang='lat' dir='ltr'>viventium.</span> <span class='ocrx_word' id='word_1_193' title='bbox 1107 2354 1145 2417; x_wconf 78' lang='lat' dir='ltr'>st</span> 
     </span>
     <span class='ocr_line' id='line_1_27' title="bbox 165 2435 1145 2512; baseline 0.003 -14"><span class='ocrx_word' id='word_1_194' title='bbox 165 2437 218 2499; x_wconf 87' lang='lat' dir='ltr'>illu</span> <span class='ocrx_word' id='word_1_195' title='bbox 240 2445 387 2512; x_wconf 86' lang='lat' dir='ltr'>quantum</span> <span class='ocrx_word' id='word_1_196' title='bbox 406 2436 500 2497; x_wconf 86' lang='lat' dir='ltr'>habet</span> <span class='ocrx_word' id='word_1_197' title='bbox 520 2436 685 2512; x_wconf 78' lang='lat' dir='ltr'>voluptatis</span> <span class='ocrx_word' id='word_1_198' title='bbox 706 2435 828 2499; x_wconf 80' lang='lat' dir='ltr'>sincere</span> <span class='ocrx_word' id='word_1_199' title='bbox 840 2443 872 2498; x_wconf 89' lang='lat' dir='ltr'>et</span> <span class='ocrx_word' id='word_1_200' title='bbox 884 2451 942 2512; x_wconf 91' lang='lat' dir='ltr'>per</span> <span class='ocrx_word' id='word_1_201' title='bbox 956 2453 996 2499; x_wconf 89' lang='lat' dir='ltr'>se</span> <span class='ocrx_word' id='word_1_202' title='bbox 1008 2437 1145 2511; x_wconf 75' lang='lat' dir='ltr'>inornate</span> 
     </span>
     <span class='ocr_line' id='line_1_28' title="bbox 166 2518 1142 2595; baseline 0.002 -14"><span class='ocrx_word' id='word_1_203' title='bbox 166 2521 361 2595; x_wconf 81' lang='lat' dir='ltr'>simplicitas,</span> <span class='ocrx_word' id='word_1_204' title='bbox 387 2518 460 2581; x_wconf 88' lang='lat' dir='ltr'>nihil</span> <span class='ocrx_word' id='word_1_205' title='bbox 482 2518 654 2581; x_wconf 89' lang='lat' dir='ltr'>obtendens</span> <span class='ocrx_word' id='word_1_206' title='bbox 666 2520 806 2581; x_wconf 87' lang='lat' dir='ltr'>moribus</span> <span class='ocrx_word' id='word_1_207' title='bbox 820 2521 908 2582; x_wconf 74' lang='lat' dir='ltr'>suist</span> <span class='ocrx_word' id='word_1_208' title='bbox 940 2518 1032 2587; x_wconf 83' lang='lat' dir='ltr'>Subit</span> <span class='ocrx_word' id='word_1_209' title='bbox 1045 2528 1142 2585; x_wconf 85' lang='lat' dir='ltr'>tumeu</span> 
     </span>
     <span class='ocr_line' id='line_1_29' title="bbox 166 2603 1143 2679; baseline 0.005 -16"><span class='ocrx_word' id='word_1_210' title='bbox 166 2611 198 2663; x_wconf 88' lang='lat' dir='ltr'>et</span> <span class='ocrx_word' id='word_1_211' title='bbox 221 2603 300 2665; x_wconf 85' lang='lat' dir='ltr'>haec</span> <span class='ocrx_word' id='word_1_212' title='bbox 322 2604 385 2663; x_wconf 88' lang='lat' dir='ltr'>vita</span> <span class='ocrx_word' id='word_1_213' title='bbox 404 2610 599 2679; x_wconf 87' lang='lat' dir='ltr'>contemptus</span> <span class='ocrx_word' id='word_1_214' title='bbox 619 2604 803 2679; x_wconf 88' lang='lat' dir='ltr'>periculum,</span> <span class='ocrx_word' id='word_1_215' title='bbox 831 2605 858 2665; x_wconf 88' lang='lat' dir='ltr'>si</span> <span class='ocrx_word' id='word_1_216' title='bbox 879 2606 985 2667; x_wconf 84' lang='lat' dir='ltr'>omniu</span> <span class='ocrx_word' id='word_1_217' title='bbox 1005 2606 1143 2675; x_wconf 86' lang='lat' dir='ltr'>omnibus</span> 
     </span>
     <span class='ocr_line' id='line_1_30' title="bbox 167 2686 1143 2767; baseline 0.005 -21"><span class='ocrx_word' id='word_1_218' title='bbox 167 2693 280 2763; x_wconf 84' lang='lat' dir='ltr'>putent</span> <span class='ocrx_word' id='word_1_219' title='bbox 310 2692 382 2747; x_wconf 84' lang='lat' dir='ltr'>sunt</span> <span class='ocrx_word' id='word_1_220' title='bbox 402 2687 482 2746; x_wconf 90' lang='lat' dir='ltr'>enim</span> <span class='ocrx_word' id='word_1_221' title='bbox 504 2688 557 2763; x_wconf 86' lang='lat' dir='ltr'>qui</span> <span class='ocrx_word' id='word_1_222' title='bbox 583 2686 752 2762; x_wconf 77' lang='lat' dir='ltr'>fastidiant,</span> <span class='ocrx_word' id='word_1_223' title='bbox 777 2687 923 2764; x_wconf 86' lang='lat' dir='ltr'>quicquid</span> <span class='ocrx_word' id='word_1_224' title='bbox 946 2690 1081 2767; x_wconf 87' lang='lat' dir='ltr'>propius</span> <span class='ocrx_word' id='word_1_225' title='bbox 1095 2688 1143 2751; x_wconf 82' lang='lat' dir='ltr'>ad</span> 
     </span>
     <span class='ocr_line' id='line_1_31' title="bbox 165 2770 1143 2848; baseline -0.001 -16"><span class='ocrx_word' id='word_1_226' title='bbox 165 2771 274 2832; x_wconf 87' lang='lat' dir='ltr'>ierunt</span> <span class='ocrx_word' id='word_1_227' title='bbox 307 2771 365 2831; x_wconf 89' lang='lat' dir='ltr'>sed</span> <span class='ocrx_word' id='word_1_228' title='bbox 385 2786 444 2831; x_wconf 89' lang='lat' dir='ltr'>nec</span> <span class='ocrx_word' id='word_1_229' title='bbox 462 2772 566 2833; x_wconf 82' lang='lat' dir='ltr'>virtuti</span> <span class='ocrx_word' id='word_1_230' title='bbox 581 2770 750 2848; x_wconf 89' lang='lat' dir='ltr'>periculum</span> <span class='ocrx_word' id='word_1_231' title='bbox 765 2778 829 2847; x_wconf 87' lang='lat' dir='ltr'>est,</span> <span class='ocrx_word' id='word_1_232' title='bbox 853 2772 1036 2839; x_wconf 86' lang='lat' dir='ltr'>neadmuta</span> <span class='ocrx_word' id='word_1_233' title='bbox 1049 2770 1143 2837; x_wconf 84' lang='lat' dir='ltr'>oculis</span> 
     </span>
     <span class='ocr_line' id='line_1_32' title="bbox 165 2853 1143 2935; baseline 0.004 -20"><span class='ocrx_word' id='word_1_234' title='bbox 165 2853 343 2929; x_wconf 79' lang='lat' dir='ltr'>renitescat,</span> <span class='ocrx_word' id='word_1_235' title='bbox 366 2863 397 2916; x_wconf 89' lang='lat' dir='ltr'>et</span> <span class='ocrx_word' id='word_1_236' title='bbox 410 2856 508 2917; x_wconf 87' lang='lat' dir='ltr'>satius</span> <span class='ocrx_word' id='word_1_237' title='bbox 523 2864 571 2917; x_wconf 90' lang='lat' dir='ltr'>est</span> <span class='ocrx_word' id='word_1_238' title='bbox 585 2857 778 2932; x_wconf 79' lang='lat' dir='ltr'>simplicitate</span> <span class='ocrx_word' id='word_1_239' title='bbox 795 2856 952 2918; x_wconf 86' lang='lat' dir='ltr'>contemni</span> <span class='ocrx_word' id='word_1_240' title='bbox 967 2870 1143 2935; x_wconf 78' lang='lat' dir='ltr'>quamper</span> 
     </span>
     <span class='ocr_line' id='line_1_33' title="bbox 166 2939 1144 3018; baseline 0.002 -17"><span class='ocrx_word' id='word_1_241' title='bbox 166 2949 260 3016; x_wconf 89' lang='lat' dir='ltr'>petuu</span> <span class='ocrx_word' id='word_1_242' title='bbox 269 2939 463 3003; x_wconf 85' lang='lat' dir='ltr'>simulatione</span> <span class='ocrx_word' id='word_1_243' title='bbox 469 2940 616 3018; x_wconf 86' lang='lat' dir='ltr'>torqueri.</span> <span class='ocrx_word' id='word_1_244' title='bbox 631 2940 757 3003; x_wconf 81' lang='lat' dir='ltr'>Modum</span> <span class='ocrx_word' id='word_1_245' title='bbox 764 2948 866 3003; x_wconf 91' lang='lat' dir='ltr'>tamen</span> <span class='ocrx_word' id='word_1_246' title='bbox 872 2939 919 3001; x_wconf 89' lang='lat' dir='ltr'>rel</span> <span class='ocrx_word' id='word_1_247' title='bbox 926 2940 1144 3005; x_wconf 68' lang='lat' dir='ltr'>sdbibeumust</span> 
     </span>
     <span class='ocr_line' id='line_1_34' title="bbox 135 3022 1144 3101; baseline -0.005 -12"><span class='ocrx_word' id='word_1_248' title='bbox 135 3026 293 3089; x_wconf 73' lang='lat' dir='ltr'>amulium</span> <span class='ocrx_word' id='word_1_249' title='bbox 308 3025 449 3098; x_wconf 86' lang='lat' dir='ltr'>interest,</span> <span class='ocrx_word' id='word_1_250' title='bbox 464 3025 642 3100; x_wconf 87' lang='lat' dir='ltr'>simpliciter</span> <span class='ocrx_word' id='word_1_251' title='bbox 655 3022 744 3087; x_wconf 85' lang='lat' dir='ltr'>vivas</span> <span class='ocrx_word' id='word_1_252' title='bbox 759 3040 799 3085; x_wconf 82' lang='lat' dir='ltr'>cn</span> <span class='ocrx_word' id='word_1_253' title='bbox 813 3024 1024 3101; x_wconf 79' lang='lat' dir='ltr'>neglegenter.</span> <span class='ocrx_word' id='word_1_254' title='bbox 1051 3022 1144 3087; x_wconf 73' lang='lat' dir='ltr'>Mul·</span> 
     </span>
     <span class='ocr_line' id='line_1_35' title="bbox 166 3107 1144 3177; baseline 0.004 -12"><span class='ocrx_word' id='word_1_255' title='bbox 166 3116 241 3166; x_wconf 88' lang='lat' dir='ltr'>tum</span> <span class='ocrx_word' id='word_1_256' title='bbox 254 3115 292 3169; x_wconf 89' lang='lat' dir='ltr'>et</span> <span class='ocrx_word' id='word_1_257' title='bbox 305 3109 341 3177; x_wconf 87' lang='lat' dir='ltr'>in</span> <span class='ocrx_word' id='word_1_258' title='bbox 360 3124 402 3169; x_wconf 89' lang='lat' dir='ltr'>se</span> <span class='ocrx_word' id='word_1_259' title='bbox 415 3109 676 3172; x_wconf 88' lang='lat' dir='ltr'>recedendum</span> <span class='ocrx_word' id='word_1_260' title='bbox 691 3115 766 3169; x_wconf 83' lang='lat' dir='ltr'>est:</span> <span class='ocrx_word' id='word_1_261' title='bbox 783 3107 980 3171; x_wconf 70' lang='lat' dir='ltr'>conversatio</span> <span class='ocrx_word' id='word_1_262' title='bbox 991 3107 1144 3171; x_wconf 88' lang='lat' dir='ltr'>enimdis·</span> 
     </span>
     <span class='ocr_line' id='line_1_36' title="bbox 168 3176 1144 3269; baseline 0.003 -21"><span class='ocrx_word' id='word_1_263' title='bbox 168 3189 309 3251; x_wconf 86' lang='lat' dir='ltr'>similium</span> <span class='ocrx_word' id='word_1_264' title='bbox 323 3191 404 3253; x_wconf 87' lang='lat' dir='ltr'>bene</span> <span class='ocrx_word' id='word_1_265' title='bbox 418 3192 590 3267; x_wconf 89' lang='lat' dir='ltr'>compositu</span> <span class='ocrx_word' id='word_1_266' title='bbox 604 3190 756 3253; x_wconf 84' lang='lat' dir='ltr'>disturbat</span> <span class='ocrx_word' id='word_1_267' title='bbox 769 3200 801 3254; x_wconf 88' lang='lat' dir='ltr'>et</span> <span class='ocrx_word' id='word_1_268' title='bbox 813 3199 943 3257; x_wconf 84' lang='lat' dir='ltr'>reuovut</span> <span class='ocrx_word' id='word_1_269' title='bbox 955 3176 1103 3269; x_wconf 63' lang='lat' dir='ltr'>adlectus</span> <span class='ocrx_word' id='word_1_270' title='bbox 1117 3194 1144 3251; x_wconf 91' lang='lat' dir='ltr'>et</span> 
     </span>
     <span class='ocr_line' id='line_1_37' title="bbox 168 3274 1145 3353; baseline 0.003 -19"><span class='ocrx_word' id='word_1_271' title='bbox 168 3274 318 3349; x_wconf 86' lang='lat' dir='ltr'>quicquid</span> <span class='ocrx_word' id='word_1_272' title='bbox 337 3274 510 3335; x_wconf 87' lang='lat' dir='ltr'>inbecillum</span> <span class='ocrx_word' id='word_1_273' title='bbox 525 3275 555 3335; x_wconf 93' lang='lat' dir='ltr'>in</span> <span class='ocrx_word' id='word_1_274' title='bbox 569 3274 671 3335; x_wconf 79' lang='lat' dir='ltr'>subno</span> <span class='ocrx_word' id='word_1_275' title='bbox 685 3291 744 3336; x_wconf 91' lang='lat' dir='ltr'>nec</span> <span class='ocrx_word' id='word_1_276' title='bbox 758 3282 957 3351; x_wconf 83' lang='lat' dir='ltr'>percuratum</span> <span class='ocrx_word' id='word_1_277' title='bbox 970 3281 1037 3353; x_wconf 85' lang='lat' dir='ltr'>est,</span> <span class='ocrx_word' id='word_1_278' title='bbox 1049 3348 1052 3353; x_wconf 45' lang='grc'><strong>,</strong></span> <span class='ocrx_word' id='word_1_279' title='bbox 1062 3274 1145 3339; x_wconf 81' lang='lat' dir='ltr'>exul·</span> 
     </span>
     <span class='ocr_line' id='line_1_38' title="bbox 169 3356 1144 3435; baseline 0.002 -18"><span class='ocrx_word' id='word_1_280' title='bbox 169 3365 263 3418; x_wconf 80' lang='lat' dir='ltr'>cenot.</span> <span class='ocrx_word' id='word_1_281' title='bbox 291 3356 494 3429; x_wconf 79' lang='lat' dir='ltr'>Miscenda</span> <span class='ocrx_word' id='word_1_282' title='bbox 510 3365 634 3418; x_wconf 77' lang='lat' dir='ltr'>temen</span> <span class='ocrx_word' id='word_1_283' title='bbox 655 3359 1039 3435; x_wconf 82' lang='lat' dir='ltr'>istaetniternnu-da</span> <span class='ocrx_word' id='word_1_284' title='bbox 1053 3358 1144 3433; x_wconf 74' lang='lat' dir='ltr'>sint,</span> 
     </span>
    </p>
   </div>
   <div class='ocr_carea' id='block_1_3' title="bbox 168 3439 1144 3527">
    <p class='ocr_par' dir='ltr' id='par_1_3' title="bbox 168 3439 1144 3527">
     <span class='ocr_line' id='line_1_39' title="bbox 168 3439 1144 3527; baseline 0.005 -26"><span class='ocrx_word' id='word_1_285' title='bbox 168 3440 345 3502; x_wconf 89' lang='lat' dir='ltr'>solitudo</span> <span class='ocrx_word' id='word_1_286' title='bbox 368 3446 406 3513; x_wconf 79' lang='lat' dir='ltr'>et</span> <span class='ocrx_word' id='word_1_287' title='bbox 423 3439 682 3519; x_wconf 61' lang='lat' dir='ltr'>frequentias,</span> <span class='ocrx_word' id='word_1_288' title='bbox 696 3440 858 3519; x_wconf 75' lang='lat' dir='ltr'>illucebit</span> <span class='ocrx_word' id='word_1_289' title='bbox 875 3442 969 3505; x_wconf 80' lang='lat' dir='ltr'>faciet</span> <span class='ocrx_word' id='word_1_290' title='bbox 990 3444 1144 3527; x_wconf 77' lang='lat' dir='ltr'>homiuum</span> 
     </span>
    </p>
   </div>
   <div class='ocr_carea' id='block_1_4' title="bbox 0 0 1195 3856">
    <p class='ocr_par' dir='ltr' id='par_1_4' title="bbox 0 0 1195 3856">
     <span class='ocr_line' id='line_1_40' title="bbox 0 0 1195 3856; baseline 0 0"><span class='ocrx_word' id='word_1_291' title='bbox 0 0 1195 3856; x_wconf 95' lang='lat' dir='ltr'> </span> 
     </span>
    </p>
   </div>
  </div>
 </body>
</html>
