<?xml version="1.0" encoding="UTF-8"?>
<!DOCTYPE html PUBLIC "-//W3C//DTD XHTML 1.0 Transitional//EN"
    "http://www.w3.org/TR/xhtml1/DTD/xhtml1-transitional.dtd">
<html xmlns="http://www.w3.org/1999/xhtml" xml:lang="en" lang="en">
 <head>
  <title>
</title>
<meta http-equiv="Content-Type" content="text/html;charset=utf-8" />
  <meta name='ocr-system' content='tesseract 3.04.00' />
  <meta name='ocr-capabilities' content='ocr_page ocr_carea ocr_par ocr_line ocrx_word'/>
</head>
<body>
  <div class='ocr_page' id='page_1' title='image "./lannaeisenecaeo03senegoog_0122.png"; bbox 0 0 2378 3856; ppageno 0'>
   <div class='ocr_carea' id='block_1_1' title="bbox 272 195 1064 282">
    <p class='ocr_par' dir='ltr' id='par_1_1' title="bbox 272 195 1064 282">
     <span class='ocr_line' id='line_1_1' title="bbox 272 195 1064 282; baseline 0.005 -4"><span class='ocrx_word' id='word_1_1' title='bbox 272 217 427 278; x_wconf 72' lang='lat' dir='ltr'>orauv.</span> <span class='ocrx_word' id='word_1_2' title='bbox 456 195 875 281; x_wconf 69' lang='lat' dir='ltr'>namxnra.&#39;111.ar-al.</span> <span class='ocrx_word' id='word_1_3' title='bbox 1002 217 1064 282; x_wconf 77' lang='lat' dir='ltr'>rea</span> 
     </span>
    </p>
   </div>
   <div class='ocr_carea' id='block_1_2' title="bbox 85 367 1095 3523">
    <p class='ocr_par' dir='ltr' id='par_1_2' title="bbox 87 367 1095 2108">
     <span class='ocr_line' id='line_1_2' title="bbox 89 367 1063 443; baseline 0.002 -15"><span class='ocrx_word' id='word_1_4' title='bbox 89 369 169 429; x_wconf 88' lang='lat' dir='ltr'>haec</span> <span class='ocrx_word' id='word_1_5' title='bbox 194 377 242 429; x_wconf 91' lang='lat' dir='ltr'>est</span> <span class='ocrx_word' id='word_1_6' title='bbox 262 367 413 443; x_wconf 89' lang='lat' dir='ltr'>sanguine</span> <span class='ocrx_word' id='word_1_7' title='bbox 432 375 538 430; x_wconf 90' lang='lat' dir='ltr'>nostro</span> <span class='ocrx_word' id='word_1_8' title='bbox 559 368 701 428; x_wconf 88' lang='lat' dir='ltr'>delibuta.</span> <span class='ocrx_word' id='word_1_9' title='bbox 737 376 863 443; x_wconf 89' lang='lat' dir='ltr'>propter</span> <span class='ocrx_word' id='word_1_10' title='bbox 888 368 968 429; x_wconf 92' lang='lat' dir='ltr'>hanc</span> <span class='ocrx_word' id='word_1_11' title='bbox 987 384 1063 430; x_wconf 92' lang='lat' dir='ltr'>uxo-</span> 
     </span>
     <span class='ocr_line' id='line_1_3' title="bbox 89 451 1066 527; baseline 0.001 -15"><span class='ocrx_word' id='word_1_12' title='bbox 89 470 158 514; x_wconf 87' lang='lat' dir='ltr'>rum</span> <span class='ocrx_word' id='word_1_13' title='bbox 181 453 419 527; x_wconf 78' lang='lat' dir='ltr'>maritorumque</span> <span class='ocrx_word' id='word_1_14' title='bbox 439 457 545 512; x_wconf 88' lang='lat' dir='ltr'>nootes</span> <span class='ocrx_word' id='word_1_15' title='bbox 566 458 706 526; x_wconf 91' lang='lat' dir='ltr'>strepunt</span> <span class='ocrx_word' id='word_1_16' title='bbox 729 451 831 512; x_wconf 89' lang='lat' dir='ltr'>litibus</span> <span class='ocrx_word' id='word_1_17' title='bbox 853 459 884 511; x_wconf 88' lang='lat' dir='ltr'>et</span> <span class='ocrx_word' id='word_1_18' title='bbox 904 452 1066 513; x_wconf 80' lang='lat' dir='ltr'>tribunalia</span> 
     </span>
     <span class='ocr_line' id='line_1_4' title="bbox 89 534 1064 610; baseline 0.001 -15"><span class='ocrx_word' id='word_1_19' title='bbox 89 536 322 610; x_wconf 87' lang='lat' dir='ltr'>magistratunm</span> <span class='ocrx_word' id='word_1_20' title='bbox 336 534 444 609; x_wconf 82' lang='lat' dir='ltr'><strong>premit</strong></span> <span class='ocrx_word' id='word_1_21' title='bbox 456 535 554 606; x_wconf 90' lang='lat' dir='ltr'>turba,</span> <span class='ocrx_word' id='word_1_22' title='bbox 569 549 660 608; x_wconf 85' lang='lat' dir='ltr'>reges</span> <span class='ocrx_word' id='word_1_23' title='bbox 676 536 817 595; x_wconf 89' lang='lat' dir='ltr'>saeviunt</span> <span class='ocrx_word' id='word_1_24' title='bbox 829 535 1015 610; x_wconf 90' lang='lat' dir='ltr'>rapiuntque</span> <span class='ocrx_word' id='word_1_25' title='bbox 1034 543 1064 596; x_wconf 87' lang='lat' dir='ltr'>et</span> 
     </span>
     <span class='ocr_line' id='line_1_5' title="bbox 90 618 1065 693; baseline 0.003 -15"><span class='ocrx_word' id='word_1_26' title='bbox 90 620 229 679; x_wconf 89' lang='lat' dir='ltr'>civitates</span> <span class='ocrx_word' id='word_1_27' title='bbox 245 619 336 693; x_wconf 83' lang='lat' dir='ltr'>longo</span> <span class='ocrx_word' id='word_1_28' title='bbox 352 619 525 678; x_wconf 89' lang='lat' dir='ltr'>seculorum</span> <span class='ocrx_word' id='word_1_29' title='bbox 540 618 646 676; x_wconf 90' lang='lat' dir='ltr'>labore</span> <span class='ocrx_word' id='word_1_30' title='bbox 662 625 853 678; x_wconf 85' lang='lat' dir='ltr'>constructas</span> <span class='ocrx_word' id='word_1_31' title='bbox 868 627 1015 689; x_wconf 85' lang='lat' dir='ltr'>evertant,</span> <span class='ocrx_word' id='word_1_32' title='bbox 1031 628 1065 681; x_wconf 91' lang='lat' dir='ltr'>ut</span> 
     </span>
     <span class='ocr_line' id='line_1_6' title="bbox 89 698 1095 777; baseline 0.003 -15"><span class='ocrx_word' id='word_1_33' title='bbox 89 717 199 763; x_wconf 91' lang='lat' dir='ltr'>aurum</span> <span class='ocrx_word' id='word_1_34' title='bbox 214 708 432 777; x_wconf 78' lang='lat' dir='ltr'>argentumque</span> <span class='ocrx_word' id='word_1_35' title='bbox 448 701 480 762; x_wconf 95' lang='lat' dir='ltr'>in</span> <span class='ocrx_word' id='word_1_36' title='bbox 501 699 602 760; x_wconf 81' lang='lat' dir='ltr'>cinere</span> <span class='ocrx_word' id='word_1_37' title='bbox 628 698 748 761; x_wconf 89' lang='lat' dir='ltr'>urbium</span> <span class='ocrx_word' id='word_1_38' title='bbox 769 706 950 761; x_wconf 89' lang='lat' dir='ltr'>scrutentur.</span> <span class='ocrx_word' id='word_1_39' title='bbox 977 700 1095 766; x_wconf 81' lang='lat' dir='ltr'>Libeta</span> 
     </span>
     <span class='ocr_line' id='line_1_7' title="bbox 89 782 1063 859; baseline 0 -14"><span class='ocrx_word' id='word_1_40' title='bbox 89 785 199 846; x_wconf 90' lang='lat' dir='ltr'>intueri</span> <span class='ocrx_word' id='word_1_41' title='bbox 219 785 370 847; x_wconf 87' lang='lat' dir='ltr'>fisoosin</span> <span class='ocrx_word' id='word_1_42' title='bbox 383 785 496 859; x_wconf 90' lang='lat' dir='ltr'>angulo</span> <span class='ocrx_word' id='word_1_43' title='bbox 516 785 666 843; x_wconf 84' lang='lat' dir='ltr'>iacentes:</span> <span class='ocrx_word' id='word_1_44' title='bbox 694 782 725 842; x_wconf 90' lang='lat' dir='ltr'>hi</span> <span class='ocrx_word' id='word_1_45' title='bbox 746 789 818 844; x_wconf 88' lang='lat' dir='ltr'>sunt</span> <span class='ocrx_word' id='word_1_46' title='bbox 837 791 962 859; x_wconf 87' lang='lat' dir='ltr'>propter</span> <span class='ocrx_word' id='word_1_47' title='bbox 984 801 1063 858; x_wconf 89' lang='lat' dir='ltr'>quos</span> 
     </span>
     <span class='ocr_line' id='line_1_8' title="bbox 90 865 1063 941; baseline 0 -13"><span class='ocrx_word' id='word_1_48' title='bbox 90 869 172 929; x_wconf 88' lang='lat' dir='ltr'>oculi</span> <span class='ocrx_word' id='word_1_49' title='bbox 188 870 320 928; x_wconf 91' lang='lat' dir='ltr'>clamore</span> <span class='ocrx_word' id='word_1_50' title='bbox 341 869 557 941; x_wconf 79' lang='lat' dir='ltr'><strong>exprimantur,</strong></span> <span class='ocrx_word' id='word_1_51' title='bbox 579 865 698 926; x_wconf 80' lang='lat' dir='ltr'>fremitu</span> <span class='ocrx_word' id='word_1_52' title='bbox 716 866 897 928; x_wconf 87' lang='lat' dir='ltr'>iudiciorum</span> <span class='ocrx_word' id='word_1_53' title='bbox 917 867 1063 928; x_wconf 83' lang='lat' dir='ltr'>basilicae</span> 
     </span>
     <span class='ocr_line' id='line_1_9' title="bbox 89 948 1062 1026; baseline 0.001 -16"><span class='ocrx_word' id='word_1_54' title='bbox 89 958 244 1026; x_wconf 84' lang='lat' dir='ltr'>resonent,</span> <span class='ocrx_word' id='word_1_55' title='bbox 263 951 383 1011; x_wconf 88' lang='lat' dir='ltr'>evocati</span> <span class='ocrx_word' id='word_1_56' title='bbox 399 966 438 1009; x_wconf 89' lang='lat' dir='ltr'>ex</span> <span class='ocrx_word' id='word_1_57' title='bbox 452 949 627 1024; x_wconf 81' lang='lat' dir='ltr'>longinquis</span> <span class='ocrx_word' id='word_1_58' title='bbox 648 948 825 1024; x_wconf 81' lang='lat' dir='ltr'>regionibus</span> <span class='ocrx_word' id='word_1_59' title='bbox 840 949 958 1011; x_wconf 88' lang='lat' dir='ltr'>iudices</span> <span class='ocrx_word' id='word_1_60' title='bbox 974 951 1062 1011; x_wconf 89' lang='lat' dir='ltr'>sede-</span> 
     </span>
     <span class='ocr_line' id='line_1_10' title="bbox 90 1033 1094 1108; baseline 0.001 -15"><span class='ocrx_word' id='word_1_61' title='bbox 90 1042 143 1095; x_wconf 86' lang='lat' dir='ltr'>ant</span> <span class='ocrx_word' id='word_1_62' title='bbox 155 1034 328 1107; x_wconf 90' lang='lat' dir='ltr'>iudicaturi,</span> <span class='ocrx_word' id='word_1_63' title='bbox 349 1033 446 1094; x_wconf 91' lang='lat' dir='ltr'>utrius</span> <span class='ocrx_word' id='word_1_64' title='bbox 463 1033 571 1094; x_wconf 91' lang='lat' dir='ltr'>iustior</span> <span class='ocrx_word' id='word_1_65' title='bbox 586 1034 711 1094; x_wconf 90' lang='lat' dir='ltr'>avaritia</span> <span class='ocrx_word' id='word_1_66' title='bbox 728 1034 776 1093; x_wconf 90' lang='lat' dir='ltr'>sit.</span> <span class='ocrx_word' id='word_1_67' title='bbox 806 1033 881 1108; x_wconf 79' lang='lat' dir='ltr'>Quid</span> <span class='ocrx_word' id='word_1_68' title='bbox 898 1033 978 1093; x_wconf 90' lang='lat' dir='ltr'>sine</span> <span class='ocrx_word' id='word_1_69' title='bbox 993 1048 1094 1108; x_wconf 80' lang='lat' dir='ltr'>pro-3</span> 
     </span>
     <span class='ocr_line' id='line_1_11' title="bbox 88 1116 1063 1193; baseline 0 -17"><span class='ocrx_word' id='word_1_70' title='bbox 88 1124 157 1193; x_wconf 87' lang='lat' dir='ltr'>pter</span> <span class='ocrx_word' id='word_1_71' title='bbox 167 1117 276 1177; x_wconf 81' lang='lat' dir='ltr'>fissum</span> <span class='ocrx_word' id='word_1_72' title='bbox 288 1117 420 1192; x_wconf 86' lang='lat' dir='ltr'>quidem,</span> <span class='ocrx_word' id='word_1_73' title='bbox 428 1118 485 1178; x_wconf 92' lang='lat' dir='ltr'>sed</span> <span class='ocrx_word' id='word_1_74' title='bbox 493 1116 715 1192; x_wconf 89' lang='lat' dir='ltr'>pugnumaeris</span> <span class='ocrx_word' id='word_1_75' title='bbox 727 1124 779 1178; x_wconf 91' lang='lat' dir='ltr'>aut</span> <span class='ocrx_word' id='word_1_76' title='bbox 789 1118 1063 1192; x_wconf 86' lang='lat' dir='ltr'>inputatumaser-</span> 
     </span>
     <span class='ocr_line' id='line_1_12' title="bbox 89 1199 1062 1261; baseline 0 -2"><span class='ocrx_word' id='word_1_77' title='bbox 89 1218 129 1260; x_wconf 92' lang='lat' dir='ltr'>vo</span> <span class='ocrx_word' id='word_1_78' title='bbox 146 1201 302 1261; x_wconf 86' lang='lat' dir='ltr'>denarium</span> <span class='ocrx_word' id='word_1_79' title='bbox 324 1201 509 1261; x_wconf 83' lang='lat' dir='ltr'>senexsine</span> <span class='ocrx_word' id='word_1_80' title='bbox 529 1199 643 1260; x_wconf 86' lang='lat' dir='ltr'>herede</span> <span class='ocrx_word' id='word_1_81' title='bbox 661 1200 823 1261; x_wconf 81' lang='lat' dir='ltr'>moriturus</span> <span class='ocrx_word' id='word_1_82' title='bbox 845 1200 1003 1261; x_wconf 75' lang='lat' dir='ltr'>stomacho</span> <span class='ocrx_word' id='word_1_83' title='bbox 1017 1200 1062 1260; x_wconf 92' lang='lat' dir='ltr'>di-</span> 
     </span>
     <span class='ocr_line' id='line_1_13' title="bbox 87 1282 1064 1359; baseline 0 -16"><span class='ocrx_word' id='word_1_84' title='bbox 87 1283 260 1359; x_wconf 71' lang='lat' dir='ltr'>rumpitur?</span> <span class='ocrx_word' id='word_1_85' title='bbox 288 1284 361 1358; x_wconf 90' lang='lat' dir='ltr'>quid</span> <span class='ocrx_word' id='word_1_86' title='bbox 382 1285 408 1343; x_wconf 90' lang='lat' dir='ltr'>si</span> <span class='ocrx_word' id='word_1_87' title='bbox 425 1292 550 1359; x_wconf 90' lang='lat' dir='ltr'>propter</span> <span class='ocrx_word' id='word_1_88' title='bbox 564 1282 711 1343; x_wconf 87' lang='lat' dir='ltr'>usuram*</span> <span class='ocrx_word' id='word_1_89' title='bbox 728 1291 780 1344; x_wconf 88' lang='lat' dir='ltr'>aut</span> <span class='ocrx_word' id='word_1_90' title='bbox 798 1284 997 1343; x_wconf 87' lang='lat' dir='ltr'>milensimam</span> <span class='ocrx_word' id='word_1_91' title='bbox 1010 1300 1064 1344; x_wconf 92' lang='lat' dir='ltr'>va-</span> 
     </span>
     <span class='ocr_line' id='line_1_14' title="bbox 87 1357 1063 1440; baseline -0.001 -14"><span class='ocrx_word' id='word_1_92' title='bbox 87 1367 280 1429; x_wconf 86' lang='lat' dir='ltr'>litudinarios</span> <span class='ocrx_word' id='word_1_93' title='bbox 295 1357 448 1428; x_wconf 81' lang='lat' dir='ltr'>fenerator</span> <span class='ocrx_word' id='word_1_94' title='bbox 459 1365 594 1427; x_wconf 89' lang='lat' dir='ltr'>distortis</span> <span class='ocrx_word' id='word_1_95' title='bbox 609 1366 740 1440; x_wconf 92' lang='lat' dir='ltr'>pedibus</span> <span class='ocrx_word' id='word_1_96' title='bbox 752 1375 782 1427; x_wconf 89' lang='lat' dir='ltr'>et</span> <span class='ocrx_word' id='word_1_97' title='bbox 793 1366 932 1427; x_wconf 89' lang='lat' dir='ltr'>manibus</span> <span class='ocrx_word' id='word_1_98' title='bbox 939 1367 979 1427; x_wconf 91' lang='lat' dir='ltr'>ad</span> <span class='ocrx_word' id='word_1_99' title='bbox 990 1383 1063 1426; x_wconf 91' lang='lat' dir='ltr'>con·</span> 
     </span>
     <span class='ocr_line' id='line_1_15' title="bbox 88 1449 1062 1535; baseline 0 -25"><span class='ocrx_word' id='word_1_100' title='bbox 88 1451 261 1526; x_wconf 90' lang='lat' dir='ltr'>parendum</span> <span class='ocrx_word' id='word_1_101' title='bbox 281 1466 343 1510; x_wconf 95' lang='lat' dir='ltr'>non</span> <span class='ocrx_word' id='word_1_102' title='bbox 363 1456 491 1510; x_wconf 82' lang='lat' dir='ltr'>retentas</span> <span class='ocrx_word' id='word_1_103' title='bbox 514 1450 677 1510; x_wconf 86' lang='lat' dir='ltr'>clamatae</span> <span class='ocrx_word' id='word_1_104' title='bbox 699 1466 754 1524; x_wconf 92' lang='lat' dir='ltr'>per</span> <span class='ocrx_word' id='word_1_105' title='bbox 773 1449 948 1511; x_wconf 89' lang='lat' dir='ltr'>vadimonia</span> <span class='ocrx_word' id='word_1_106' title='bbox 974 1466 1062 1535; x_wconf 80' lang='lat' dir='ltr'>asses</span> 
     </span>
     <span class='ocr_line' id='line_1_16' title="bbox 89 1532 1095 1607; baseline -0.001 -13"><span class='ocrx_word' id='word_1_107' title='bbox 89 1550 166 1594; x_wconf 87' lang='lat' dir='ltr'>suos</span> <span class='ocrx_word' id='word_1_108' title='bbox 181 1534 211 1592; x_wconf 94' lang='lat' dir='ltr'>in</span> <span class='ocrx_word' id='word_1_109' title='bbox 227 1533 304 1607; x_wconf 92' lang='lat' dir='ltr'>ipsis</span> <span class='ocrx_word' id='word_1_110' title='bbox 318 1533 417 1593; x_wconf 89' lang='lat' dir='ltr'>morbi</span> <span class='ocrx_word' id='word_1_111' title='bbox 431 1532 661 1593; x_wconf 79' lang='lat' dir='ltr'>accessionibus</span> <span class='ocrx_word' id='word_1_112' title='bbox 674 1534 829 1594; x_wconf 75' lang='lat' dir='ltr'>vindicati</span> <span class='ocrx_word' id='word_1_113' title='bbox 843 1532 877 1593; x_wconf 87' lang='lat' dir='ltr'>Si</span> <span class='ocrx_word' id='word_1_114' title='bbox 891 1540 984 1594; x_wconf 93' lang='lat' dir='ltr'>totam</span> <span class='ocrx_word' id='word_1_115' title='bbox 991 1533 1063 1593; x_wconf 92' lang='lat' dir='ltr'>mihi</span> <span class='ocrx_word' id='word_1_116' title='bbox 1077 1543 1095 1593; x_wconf 81' lang='lat' dir='ltr'>l</span> 
     </span>
     <span class='ocr_line' id='line_1_17' title="bbox 89 1616 1061 1693; baseline 0.002 -18"><span class='ocrx_word' id='word_1_117' title='bbox 89 1634 129 1675; x_wconf 91' lang='lat' dir='ltr'>ex</span> <span class='ocrx_word' id='word_1_118' title='bbox 144 1616 285 1677; x_wconf 90' lang='lat' dir='ltr'>omnibus</span> <span class='ocrx_word' id='word_1_119' title='bbox 301 1616 439 1689; x_wconf 90' lang='lat' dir='ltr'>metallis,</span> <span class='ocrx_word' id='word_1_120' title='bbox 455 1631 617 1692; x_wconf 88' lang='lat' dir='ltr'>quaecum</span> <span class='ocrx_word' id='word_1_121' title='bbox 633 1617 764 1676; x_wconf 85' lang='lat' dir='ltr'>maxime</span> <span class='ocrx_word' id='word_1_122' title='bbox 780 1616 987 1693; x_wconf 86' lang='lat' dir='ltr'>deprimimus,</span> <span class='ocrx_word' id='word_1_123' title='bbox 1008 1633 1061 1692; x_wconf 90' lang='lat' dir='ltr'>pe·</span> 
     </span>
     <span class='ocr_line' id='line_1_18' title="bbox 89 1698 1061 1776; baseline 0.001 -17"><span class='ocrx_word' id='word_1_124' title='bbox 89 1701 210 1760; x_wconf 91' lang='lat' dir='ltr'>cuniam</span> <span class='ocrx_word' id='word_1_125' title='bbox 218 1701 367 1775; x_wconf 83' lang='lat' dir='ltr'>proferas,</span> <span class='ocrx_word' id='word_1_126' title='bbox 382 1698 410 1759; x_wconf 93' lang='lat' dir='ltr'>si</span> <span class='ocrx_word' id='word_1_127' title='bbox 425 1700 454 1759; x_wconf 91' lang='lat' dir='ltr'>in</span> <span class='ocrx_word' id='word_1_128' title='bbox 469 1699 602 1762; x_wconf 90' lang='lat' dir='ltr'>medium</span> <span class='ocrx_word' id='word_1_129' title='bbox 616 1698 750 1774; x_wconf 88' lang='lat' dir='ltr'>proicias</span> <span class='ocrx_word' id='word_1_130' title='bbox 766 1700 914 1776; x_wconf 90' lang='lat' dir='ltr'>quicquid</span> <span class='ocrx_word' id='word_1_131' title='bbox 925 1700 1061 1762; x_wconf 90' lang='lat' dir='ltr'>thesauri</span> 
     </span>
     <span class='ocr_line' id='line_1_19' title="bbox 88 1783 1060 1858; baseline 0.001 -15"><span class='ocrx_word' id='word_1_132' title='bbox 88 1784 327 1858; x_wconf 88' lang='lat' dir='ltr'>teguntavaritia</span> <span class='ocrx_word' id='word_1_133' title='bbox 339 1783 445 1844; x_wconf 90' lang='lat' dir='ltr'>iterum</span> <span class='ocrx_word' id='word_1_134' title='bbox 455 1784 512 1845; x_wconf 93' lang='lat' dir='ltr'>sub</span> <span class='ocrx_word' id='word_1_135' title='bbox 520 1785 783 1858; x_wconf 86' lang='lat' dir='ltr'>terrasreierente,</span> <span class='ocrx_word' id='word_1_136' title='bbox 792 1800 871 1858; x_wconf 91' lang='lat' dir='ltr'>quae</span> <span class='ocrx_word' id='word_1_137' title='bbox 882 1785 961 1843; x_wconf 90' lang='lat' dir='ltr'>male</span> <span class='ocrx_word' id='word_1_138' title='bbox 973 1799 1060 1858; x_wconf 90' lang='lat' dir='ltr'>eges·</span> 
     </span>
     <span class='ocr_line' id='line_1_20' title="bbox 88 1866 1061 1942; baseline 0.002 -16"><span class='ocrx_word' id='word_1_139' title='bbox 88 1873 186 1927; x_wconf 73' lang='lat' dir='ltr'>seraa</span> <span class='ocrx_word' id='word_1_140' title='bbox 208 1866 426 1927; x_wconf 89' lang='lat' dir='ltr'>omnemistam</span> <span class='ocrx_word' id='word_1_141' title='bbox 442 1866 616 1941; x_wconf 83' lang='lat' dir='ltr'>congeriem</span> <span class='ocrx_word' id='word_1_142' title='bbox 632 1883 692 1928; x_wconf 91' lang='lat' dir='ltr'>non</span> <span class='ocrx_word' id='word_1_143' title='bbox 715 1875 817 1942; x_wconf 89' lang='lat' dir='ltr'>putem</span> <span class='ocrx_word' id='word_1_144' title='bbox 838 1866 960 1942; x_wconf 86' lang='lat' dir='ltr'>dignam</span> <span class='ocrx_word' id='word_1_145' title='bbox 981 1883 1061 1942; x_wconf 90' lang='lat' dir='ltr'>quae</span> 
     </span>
     <span class='ocr_line' id='line_1_21' title="bbox 88 1950 1062 2026; baseline 0.003 -18"><span class='ocrx_word' id='word_1_146' title='bbox 88 1951 218 2010; x_wconf 78' lang='lat' dir='ltr'>frontem</span> <span class='ocrx_word' id='word_1_147' title='bbox 237 1950 293 2010; x_wconf 91' lang='lat' dir='ltr'>viri</span> <span class='ocrx_word' id='word_1_148' title='bbox 313 1951 386 2012; x_wconf 92' lang='lat' dir='ltr'>boni</span> <span class='ocrx_word' id='word_1_149' title='bbox 407 1950 573 2011; x_wconf 90' lang='lat' dir='ltr'>contrahat.</span> <span class='ocrx_word' id='word_1_150' title='bbox 613 1951 731 2023; x_wconf 84' lang='lat' dir='ltr'>Quanto</span> <span class='ocrx_word' id='word_1_151' title='bbox 752 1951 817 2012; x_wconf 91' lang='lat' dir='ltr'>risu</span> <span class='ocrx_word' id='word_1_152' title='bbox 842 1951 1062 2026; x_wconf 89' lang='lat' dir='ltr'>prosequenda</span> 
     </span>
     <span class='ocr_line' id='line_1_22' title="bbox 89 2033 685 2108; baseline 0.002 -16"><span class='ocrx_word' id='word_1_153' title='bbox 89 2042 161 2093; x_wconf 90' lang='lat' dir='ltr'>sunt</span> <span class='ocrx_word' id='word_1_154' title='bbox 175 2049 254 2108; x_wconf 91' lang='lat' dir='ltr'>quae</span> <span class='ocrx_word' id='word_1_155' title='bbox 270 2034 360 2094; x_wconf 91' lang='lat' dir='ltr'>nobis</span> <span class='ocrx_word' id='word_1_156' title='bbox 374 2034 517 2093; x_wconf 88' lang='lat' dir='ltr'>lacrimas</span> <span class='ocrx_word' id='word_1_157' title='bbox 531 2033 685 2094; x_wconf 68' lang='lat' dir='ltr'>educunt?</span> 
     </span>
    </p>

    <p class='ocr_par' dir='ltr' id='par_1_3' title="bbox 85 2116 1093 3523">
     <span class='ocr_line' id='line_1_23' title="bbox 147 2116 1091 2193; baseline 0.004 -17"><span class='ocrx_word' id='word_1_158' title='bbox 147 2116 280 2176; x_wconf 88' lang='lat' dir='ltr'>XXXIV.</span> <span class='ocrx_word' id='word_1_159' title='bbox 310 2117 392 2178; x_wconf 81' lang='lat' dir='ltr'>dedo</span> <span class='ocrx_word' id='word_1_160' title='bbox 408 2133 498 2190; x_wconf 89' lang='lat' dir='ltr'>nunc,</span> <span class='ocrx_word' id='word_1_161' title='bbox 513 2132 704 2191; x_wconf 87' lang='lat' dir='ltr'>persequere</span> <span class='ocrx_word' id='word_1_162' title='bbox 718 2124 829 2192; x_wconf 89' lang='lat' dir='ltr'>cetera,</span> <span class='ocrx_word' id='word_1_163' title='bbox 851 2120 946 2191; x_wconf 89' lang='lat' dir='ltr'>eibos,</span> <span class='ocrx_word' id='word_1_164' title='bbox 963 2119 1060 2193; x_wconf 90' lang='lat' dir='ltr'>potio-</span> <span class='ocrx_word' id='word_1_165' title='bbox 1076 2133 1091 2186; x_wconf 94' lang='lat'>1</span> 
     </span>
     <span class='ocr_line' id='line_1_24' title="bbox 88 2199 1060 2276; baseline 0.001 -18"><span class='ocrx_word' id='word_1_166' title='bbox 88 2214 146 2258; x_wconf 91' lang='lat' dir='ltr'>nes</span> <span class='ocrx_word' id='word_1_167' title='bbox 157 2199 431 2276; x_wconf 87' lang='lat' dir='ltr'>horumquecausa</span> <span class='ocrx_word' id='word_1_168' title='bbox 445 2205 580 2272; x_wconf 90' lang='lat' dir='ltr'>paratam</span> <span class='ocrx_word' id='word_1_169' title='bbox 592 2199 794 2272; x_wconf 80' lang='lat' dir='ltr'>ambitionem,</span> <span class='ocrx_word' id='word_1_170' title='bbox 809 2201 980 2274; x_wconf 89' lang='lat' dir='ltr'>munditias,</span> <span class='ocrx_word' id='word_1_171' title='bbox 992 2217 1060 2261; x_wconf 89' lang='lat' dir='ltr'>ver·</span> 
     </span>
     <span class='ocr_line' id='line_1_25' title="bbox 86 2282 1062 2357; baseline 0.002 -15"><span class='ocrx_word' id='word_1_172' title='bbox 86 2282 144 2356; x_wconf 93' lang='lat' dir='ltr'>ba,</span> <span class='ocrx_word' id='word_1_173' title='bbox 165 2283 380 2355; x_wconf 83' lang='lat' dir='ltr'>contumelias,</span> <span class='ocrx_word' id='word_1_174' title='bbox 401 2288 501 2341; x_wconf 89' lang='lat' dir='ltr'>motus</span> <span class='ocrx_word' id='word_1_175' title='bbox 518 2297 681 2355; x_wconf 87' lang='lat' dir='ltr'>corporum</span> <span class='ocrx_word' id='word_1_176' title='bbox 695 2298 803 2357; x_wconf 89' lang='lat' dir='ltr'>parum</span> <span class='ocrx_word' id='word_1_177' title='bbox 825 2283 1012 2344; x_wconf 87' lang='lat' dir='ltr'>honorificos</span> <span class='ocrx_word' id='word_1_178' title='bbox 1032 2291 1062 2344; x_wconf 90' lang='lat' dir='ltr'>et</span> 
     </span>
     <span class='ocr_line' id='line_1_26' title="bbox 87 2363 1061 2441; baseline 0 -16"><span class='ocrx_word' id='word_1_179' title='bbox 87 2365 294 2441; x_wconf 87' lang='lat' dir='ltr'>suspiciones,</span> <span class='ocrx_word' id='word_1_180' title='bbox 310 2371 341 2424; x_wconf 89' lang='lat' dir='ltr'>et</span> <span class='ocrx_word' id='word_1_181' title='bbox 351 2363 541 2424; x_wconf 87' lang='lat' dir='ltr'>contumacia</span> <span class='ocrx_word' id='word_1_182' title='bbox 555 2364 687 2424; x_wconf 90' lang='lat' dir='ltr'>iumenta</span> <span class='ocrx_word' id='word_1_183' title='bbox 700 2372 731 2424; x_wconf 89' lang='lat' dir='ltr'>et</span> <span class='ocrx_word' id='word_1_184' title='bbox 744 2365 832 2439; x_wconf 89' lang='lat' dir='ltr'>pigra</span> <span class='ocrx_word' id='word_1_185' title='bbox 844 2365 1002 2439; x_wconf 89' lang='lat' dir='ltr'>mancipia,</span> <span class='ocrx_word' id='word_1_186' title='bbox 1016 2364 1061 2425; x_wconf 94' lang='lat' dir='ltr'>in·</span> 
     </span>
     <span class='ocr_line' id='line_1_27' title="bbox 86 2445 1063 2524; baseline 0.001 -16"><span class='ocrx_word' id='word_1_187' title='bbox 86 2449 322 2524; x_wconf 90' lang='lat' dir='ltr'>terpretationes</span> <span class='ocrx_word' id='word_1_188' title='bbox 337 2446 486 2522; x_wconf 89' lang='lat' dir='ltr'>malignas</span> <span class='ocrx_word' id='word_1_189' title='bbox 500 2445 587 2507; x_wconf 88' lang='lat' dir='ltr'>vocis</span> <span class='ocrx_word' id='word_1_190' title='bbox 603 2445 729 2520; x_wconf 88' lang='lat' dir='ltr'>alienae,</span> <span class='ocrx_word' id='word_1_191' title='bbox 750 2446 861 2522; x_wconf 89' lang='lat' dir='ltr'>quibus</span> <span class='ocrx_word' id='word_1_192' title='bbox 876 2447 1014 2522; x_wconf 81' lang='lat' dir='ltr'>eflicitur,</span> <span class='ocrx_word' id='word_1_193' title='bbox 1029 2456 1063 2509; x_wconf 91' lang='lat' dir='ltr'>ut</span> 
     </span>
     <span class='ocr_line' id='line_1_28' title="bbox 86 2529 1060 2609; baseline -0.005 -17"><span class='ocrx_word' id='word_1_194' title='bbox 86 2533 165 2592; x_wconf 89' lang='lat' dir='ltr'>inter</span> <span class='ocrx_word' id='word_1_195' title='bbox 185 2532 312 2593; x_wconf 90' lang='lat' dir='ltr'>iniurias</span> <span class='ocrx_word' id='word_1_196' title='bbox 334 2531 483 2609; x_wconf 88' lang='lat' dir='ltr'>[naturae]</span> <span class='ocrx_word' id='word_1_197' title='bbox 503 2537 678 2590; x_wconf 87' lang='lat' dir='ltr'>numeretur</span> <span class='ocrx_word' id='word_1_198' title='bbox 698 2546 799 2591; x_wconf 91' lang='lat' dir='ltr'>sermo</span> <span class='ocrx_word' id='word_1_199' title='bbox 820 2529 934 2590; x_wconf 93' lang='lat' dir='ltr'>homini</span> <span class='ocrx_word' id='word_1_200' title='bbox 955 2532 1060 2592; x_wconf 71' lang='lat' dir='ltr'>datusz</span> 
     </span>
     <span class='ocr_line' id='line_1_29' title="bbox 87 2615 1061 2690; baseline 0.001 -16"><span class='ocrx_word' id='word_1_201' title='bbox 87 2616 181 2675; x_wconf 89' lang='lat' dir='ltr'>crede</span> <span class='ocrx_word' id='word_1_202' title='bbox 195 2615 276 2688; x_wconf 91' lang='lat' dir='ltr'>mihi,</span> <span class='ocrx_word' id='word_1_203' title='bbox 291 2615 372 2675; x_wconf 92' lang='lat' dir='ltr'>levia</span> <span class='ocrx_word' id='word_1_204' title='bbox 386 2621 457 2675; x_wconf 90' lang='lat' dir='ltr'>sunt</span> <span class='ocrx_word' id='word_1_205' title='bbox 467 2620 593 2690; x_wconf 93' lang='lat' dir='ltr'>propter</span> <span class='ocrx_word' id='word_1_206' title='bbox 610 2630 689 2689; x_wconf 90' lang='lat' dir='ltr'>quae</span> <span class='ocrx_word' id='word_1_207' title='bbox 705 2631 767 2675; x_wconf 91' lang='lat' dir='ltr'>non</span> <span class='ocrx_word' id='word_1_208' title='bbox 781 2615 889 2675; x_wconf 90' lang='lat' dir='ltr'>leviter</span> <span class='ocrx_word' id='word_1_209' title='bbox 910 2615 1061 2675; x_wconf 91' lang='lat' dir='ltr'>excande-</span> 
     </span>
     <span class='ocr_line' id='line_1_30' title="bbox 87 2696 1060 2775; baseline -0.001 -18"><span class='ocrx_word' id='word_1_210' title='bbox 87 2699 213 2770; x_wconf 89' lang='lat' dir='ltr'>scimus,</span> <span class='ocrx_word' id='word_1_211' title='bbox 229 2701 330 2774; x_wconf 89' lang='lat' dir='ltr'>qualia</span> <span class='ocrx_word' id='word_1_212' title='bbox 337 2714 417 2775; x_wconf 90' lang='lat' dir='ltr'>quae</span> <span class='ocrx_word' id='word_1_213' title='bbox 424 2714 540 2774; x_wconf 92' lang='lat' dir='ltr'>pueros</span> <span class='ocrx_word' id='word_1_214' title='bbox 554 2697 584 2757; x_wconf 93' lang='lat' dir='ltr'>in</span> <span class='ocrx_word' id='word_1_215' title='bbox 600 2698 698 2758; x_wconf 85' lang='lat' dir='ltr'>rixam</span> <span class='ocrx_word' id='word_1_216' title='bbox 712 2706 743 2758; x_wconf 89' lang='lat' dir='ltr'>et</span> <span class='ocrx_word' id='word_1_217' title='bbox 755 2696 886 2773; x_wconf 85' lang='lat' dir='ltr'>iurgium</span> <span class='ocrx_word' id='word_1_218' title='bbox 900 2697 1060 2757; x_wconf 88' lang='lat' dir='ltr'>concitant.</span> 
     </span>
     <span class='ocr_line' id='line_1_31' title="bbox 85 2778 1093 2859; baseline -0.002 -19"><span class='ocrx_word' id='word_1_219' title='bbox 85 2781 166 2840; x_wconf 92' lang='lat' dir='ltr'>Nihil</span> <span class='ocrx_word' id='word_1_220' title='bbox 185 2797 225 2840; x_wconf 87' lang='lat' dir='ltr'>ex</span> <span class='ocrx_word' id='word_1_221' title='bbox 244 2782 292 2840; x_wconf 93' lang='lat' dir='ltr'>his</span> <span class='ocrx_word' id='word_1_222' title='bbox 315 2798 396 2859; x_wconf 88' lang='lat' dir='ltr'>quae</span> <span class='ocrx_word' id='word_1_223' title='bbox 414 2791 475 2843; x_wconf 89' lang='lat' dir='ltr'>tarn</span> <span class='ocrx_word' id='word_1_224' title='bbox 494 2783 596 2842; x_wconf 90' lang='lat' dir='ltr'>tristes</span> <span class='ocrx_word' id='word_1_225' title='bbox 618 2782 751 2856; x_wconf 78' lang='lat' dir='ltr'>agimuS,</span> <span class='ocrx_word' id='word_1_226' title='bbox 773 2781 886 2842; x_wconf 90' lang='lat' dir='ltr'>serium</span> <span class='ocrx_word' id='word_1_227' title='bbox 908 2787 969 2853; x_wconf 89' lang='lat' dir='ltr'>est,</span> <span class='ocrx_word' id='word_1_228' title='bbox 990 2778 1093 2840; x_wconf 75' lang='lat' dir='ltr'>nihile</span> 
     </span>
     <span class='ocr_line' id='line_1_32' title="bbox 86 2864 1061 2940; baseline -0.001 -17"><span class='ocrx_word' id='word_1_229' title='bbox 86 2868 246 2940; x_wconf 79' lang='lat' dir='ltr'>magnurm</span> <span class='ocrx_word' id='word_1_230' title='bbox 261 2865 341 2939; x_wconf 91' lang='lat' dir='ltr'>inde,</span> <span class='ocrx_word' id='word_1_231' title='bbox 353 2867 485 2940; x_wconf 89' lang='lat' dir='ltr'>inquam,</span> <span class='ocrx_word' id='word_1_232' title='bbox 499 2866 589 2926; x_wconf 89' lang='lat' dir='ltr'>vobis</span> <span class='ocrx_word' id='word_1_233' title='bbox 601 2867 646 2924; x_wconf 90' lang='lat' dir='ltr'>ira</span> <span class='ocrx_word' id='word_1_234' title='bbox 660 2873 690 2924; x_wconf 88' lang='lat' dir='ltr'>et</span> <span class='ocrx_word' id='word_1_235' title='bbox 702 2867 821 2925; x_wconf 90' lang='lat' dir='ltr'>insania</span> <span class='ocrx_word' id='word_1_236' title='bbox 832 2873 888 2938; x_wconf 89' lang='lat' dir='ltr'>est,</span> <span class='ocrx_word' id='word_1_237' title='bbox 902 2864 987 2939; x_wconf 90' lang='lat' dir='ltr'>quod</span> <span class='ocrx_word' id='word_1_238' title='bbox 997 2864 1061 2923; x_wconf 83' lang='lat' dir='ltr'>exi·-</span> 
     </span>
     <span class='ocr_line' id='line_1_33' title="bbox 86 2948 1059 3023; baseline 0.002 -16"><span class='ocrx_word' id='word_1_239' title='bbox 86 2964 149 3023; x_wconf 90' lang='lat' dir='ltr'>gua</span> <span class='ocrx_word' id='word_1_240' title='bbox 164 2962 274 3021; x_wconf 91' lang='lat' dir='ltr'>magno</span> <span class='ocrx_word' id='word_1_241' title='bbox 290 2949 465 3010; x_wconf 88' lang='lat' dir='ltr'>aestimatis.</span> <span class='ocrx_word' id='word_1_242' title='bbox 499 2951 629 3009; x_wconf 78' lang='lat' dir='ltr'>Auferre</span> <span class='ocrx_word' id='word_1_243' title='bbox 643 2948 693 3007; x_wconf 89' lang='lat' dir='ltr'>hic</span> <span class='ocrx_word' id='word_1_244' title='bbox 707 2948 779 3007; x_wconf 90' lang='lat' dir='ltr'>mihi</span> <span class='ocrx_word' id='word_1_245' title='bbox 793 2948 991 3008; x_wconf 87' lang='lat' dir='ltr'>hereditatem</span> <span class='ocrx_word' id='word_1_246' title='bbox 1005 2963 1059 3009; x_wconf 89' lang='lat' dir='ltr'>vo—</span> 
     </span>
     <span class='ocr_line' id='line_1_34' title="bbox 86 3031 1059 3108; baseline 0.002 -18"><span class='ocrx_word' id='word_1_247' title='bbox 86 3031 151 3092; x_wconf 90' lang='lat' dir='ltr'>luit.</span> <span class='ocrx_word' id='word_1_248' title='bbox 182 3031 232 3090; x_wconf 88' lang='lat' dir='ltr'>hic</span> <span class='ocrx_word' id='word_1_249' title='bbox 251 3047 300 3089; x_wconf 92' lang='lat' dir='ltr'>me</span> <span class='ocrx_word' id='word_1_250' title='bbox 314 3031 366 3092; x_wconf 90' lang='lat' dir='ltr'>diu</span> <span class='ocrx_word' id='word_1_251' title='bbox 379 3033 410 3092; x_wconf 94' lang='lat' dir='ltr'>in</span> <span class='ocrx_word' id='word_1_252' title='bbox 425 3048 512 3108; x_wconf 93' lang='lat' dir='ltr'>spem</span> <span class='ocrx_word' id='word_1_253' title='bbox 527 3047 701 3105; x_wconf 89' lang='lat' dir='ltr'>supremam</span> <span class='ocrx_word' id='word_1_254' title='bbox 717 3031 901 3106; x_wconf 81' lang='lat' dir='ltr'>captatus**</span> <span class='ocrx_word' id='word_1_255' title='bbox 921 3031 1059 3092; x_wconf 86' lang='lat' dir='ltr'>crimina-</span> 
     </span>
     <span class='ocr_line' id='line_1_35' title="bbox 87 3113 1092 3189; baseline 0.005 -14"><span class='ocrx_word' id='word_1_256' title='bbox 87 3125 137 3175; x_wconf 86' lang='lat' dir='ltr'>tus</span> <span class='ocrx_word' id='word_1_257' title='bbox 156 3123 213 3175; x_wconf 89' lang='lat' dir='ltr'>est.</span> <span class='ocrx_word' id='word_1_258' title='bbox 241 3114 291 3173; x_wconf 92' lang='lat' dir='ltr'>hie</span> <span class='ocrx_word' id='word_1_259' title='bbox 312 3122 446 3176; x_wconf 89' lang='lat' dir='ltr'>scortum</span> <span class='ocrx_word' id='word_1_260' title='bbox 466 3131 566 3176; x_wconf 89' lang='lat' dir='ltr'>meum</span> <span class='ocrx_word' id='word_1_261' title='bbox 583 3114 767 3189; x_wconf 92' lang='lat' dir='ltr'>concupivit.</span> <span class='ocrx_word' id='word_1_262' title='bbox 798 3113 886 3189; x_wconf 80' lang='lat' dir='ltr'>Quod</span> <span class='ocrx_word' id='word_1_263' title='bbox 907 3115 1092 3180; x_wconf 76' lang='lat' dir='ltr'>vinculumo</span> 
     </span>
     <span class='ocr_line' id='line_1_36' title="bbox 86 3197 1059 3272; baseline 0.001 -16"><span class='ocrx_word' id='word_1_264' title='bbox 86 3198 201 3259; x_wconf 89' lang='lat' dir='ltr'>amoris</span> <span class='ocrx_word' id='word_1_265' title='bbox 217 3213 288 3258; x_wconf 93' lang='lat' dir='ltr'>esse</span> <span class='ocrx_word' id='word_1_266' title='bbox 299 3197 438 3272; x_wconf 88' lang='lat' dir='ltr'>debebat,</span> <span class='ocrx_word' id='word_1_267' title='bbox 454 3197 612 3259; x_wconf 88' lang='lat' dir='ltr'>seditionis</span> <span class='ocrx_word' id='word_1_268' title='bbox 626 3198 786 3272; x_wconf 91' lang='lat' dir='ltr'>atqueodii</span> <span class='ocrx_word' id='word_1_269' title='bbox 800 3213 894 3258; x_wconf 89' lang='lat' dir='ltr'>causa</span> <span class='ocrx_word' id='word_1_270' title='bbox 908 3204 963 3272; x_wconf 91' lang='lat' dir='ltr'>est,</span> <span class='ocrx_word' id='word_1_271' title='bbox 979 3199 1059 3257; x_wconf 90' lang='lat' dir='ltr'>idem</span> 
     </span>
     <span class='ocr_line' id='line_1_37' title="bbox 85 3280 1061 3355; baseline -0.001 -16"><span class='ocrx_word' id='word_1_272' title='bbox 85 3281 176 3340; x_wconf 88' lang='lat' dir='ltr'>velle.</span> <span class='ocrx_word' id='word_1_273' title='bbox 201 3282 261 3341; x_wconf 90' lang='lat' dir='ltr'>Iter</span> <span class='ocrx_word' id='word_1_274' title='bbox 271 3289 435 3355; x_wconf 89' lang='lat' dir='ltr'>angustum</span> <span class='ocrx_word' id='word_1_275' title='bbox 449 3283 532 3340; x_wconf 87' lang='lat' dir='ltr'>rixas</span> <span class='ocrx_word' id='word_1_276' title='bbox 543 3283 761 3341; x_wconf 87' lang='lat' dir='ltr'>transeuntium</span> <span class='ocrx_word' id='word_1_277' title='bbox 776 3282 923 3342; x_wconf 81' lang='lat' dir='ltr'>eoncitat:</span> <span class='ocrx_word' id='word_1_278' title='bbox 946 3280 1061 3341; x_wconf 86' lang='lat' dir='ltr'>diffusa</span> 
     </span>
     <span class='ocr_line' id='line_1_38' title="bbox 87 3363 1060 3440; baseline 0 -19"><span class='ocrx_word' id='word_1_279' title='bbox 87 3372 119 3422; x_wconf 90' lang='lat' dir='ltr'>et</span> <span class='ocrx_word' id='word_1_280' title='bbox 134 3363 194 3423; x_wconf 90' lang='lat' dir='ltr'>late</span> <span class='ocrx_word' id='word_1_281' title='bbox 209 3372 318 3438; x_wconf 89' lang='lat' dir='ltr'>patens</span> <span class='ocrx_word' id='word_1_282' title='bbox 334 3365 437 3423; x_wconf 88' lang='lat' dir='ltr'>viane</span> <span class='ocrx_word' id='word_1_283' title='bbox 453 3367 585 3440; x_wconf 87' lang='lat' dir='ltr'>populos</span> <span class='ocrx_word' id='word_1_284' title='bbox 601 3363 723 3439; x_wconf 86' lang='lat' dir='ltr'>quidem</span> <span class='ocrx_word' id='word_1_285' title='bbox 738 3366 860 3425; x_wconf 88' lang='lat' dir='ltr'>collidit.</span> <span class='ocrx_word' id='word_1_286' title='bbox 894 3366 958 3424; x_wconf 88' lang='lat' dir='ltr'>ista</span> <span class='ocrx_word' id='word_1_287' title='bbox 980 3378 1060 3437; x_wconf 89' lang='lat' dir='ltr'>quae</span> 
     </span>
     <span class='ocr_line' id='line_1_39' title="bbox 86 3444 1060 3523; baseline -0.001 -19"><span class='ocrx_word' id='word_1_288' title='bbox 86 3445 241 3520; x_wconf 88' lang='lat' dir='ltr'>adpetitis,</span> <span class='ocrx_word' id='word_1_289' title='bbox 264 3447 335 3522; x_wconf 89' lang='lat' dir='ltr'>quia</span> <span class='ocrx_word' id='word_1_290' title='bbox 350 3448 462 3522; x_wconf 89' lang='lat' dir='ltr'>exigua</span> <span class='ocrx_word' id='word_1_291' title='bbox 476 3455 547 3508; x_wconf 92' lang='lat' dir='ltr'>sunt</span> <span class='ocrx_word' id='word_1_292' title='bbox 564 3463 620 3508; x_wconf 92' lang='lat' dir='ltr'>nec</span> <span class='ocrx_word' id='word_1_293' title='bbox 640 3455 773 3523; x_wconf 87' lang='lat' dir='ltr'>possunt</span> <span class='ocrx_word' id='word_1_294' title='bbox 792 3448 832 3506; x_wconf 91' lang='lat' dir='ltr'>ad</span> <span class='ocrx_word' id='word_1_295' title='bbox 853 3450 980 3508; x_wconf 90' lang='lat' dir='ltr'>alterum</span> <span class='ocrx_word' id='word_1_296' title='bbox 1001 3444 1060 3506; x_wconf 88' lang='lat' dir='ltr'>nisi</span> 
     </span>
    </p>
   </div>
   <div class='ocr_carea' id='block_1_3' title="bbox 0 0 1194 3856">
    <p class='ocr_par' dir='ltr' id='par_1_4' title="bbox 0 0 1194 3856">
     <span class='ocr_line' id='line_1_40' title="bbox 0 0 1194 3856; baseline 0 0"><span class='ocrx_word' id='word_1_297' title='bbox 0 0 1194 3856; x_wconf 95' lang='lat' dir='ltr'> </span> 
     </span>
    </p>
   </div>
  </div>
 </body>
</html>
