2378 3856
173 204 237 269 214
372 206 404 263 L.
424 203 571 263 ANNAEI
592 202 767 263 SENECAE
788 200 943 263 311311.

146 362 271 435 oplexu
285 363 456 417 scortorum
472 360 524 415 aut
537 354 608 414 vino
624 352 770 428 exigunt
791 353 866 413 lude
881 354 972 415 etiam
987 362 1148 431 poetarum

174 444 259 504 iuror
273 440 383 501 fabulis
399 438 550 498 humanos
565 452 688 497 errores
703 438 856 509 alentium,
874 438 988 512 quobus
1003 438 1094 501 visus
1105 448 1148 501 eet

173 525 287 601 Iupiter
301 524 457 598 voluptate
472 521 653 582 concubitus
664 518 814 581 delenitus
822 520 1003 595 duplicasse
1014 531 1149 585 noctcm=

174 607 248 684 quid
269 607 352 667 aliud
372 613 421 667 est
438 603 510 667 vitia
524 612 629 666 nostra
643 604 808 665 incendere
823 620 916 679 quam
930 612 1079 669 auctores
1092 607 1149 669 11113

173 691 342 753 inscribere
362 691 439 751 deos
458 697 489 750 et
503 690 577 751 dare
593 687 699 749 morbo
715 689 858 762 exemplo
875 688 1044 753 divinitatis
1059 706 1147 753 excu-

174 783 272 836 satam
287 772 458 835 licentiam?
472 780 604 848 possunt
617 770 683 833 13313
698 788 760 832 non
772 771 975 834 brevissimae
985 772 1088 835 videri
1098 792 1147 837 no-

174 868 249 932 ctes,
263 874 341 933 quas
352 864 413 917 tam
424 871 496 916 care
506 862 699 917 mercantur?
713 854 793 917 diem
805 855 904 917 noctis
916 858 1147 932 exspectatione

173 942 320 1019 perdunt,
335 947 456 1000 noctem
471 939 548 1001 lucis
563 945 654 999 metu.

143 1032 157 1082 1
234 1024 328 1085 XVlI.
349 1024 440 1098 Ipsae
457 1024 630 1099 voluptates
645 1038 750 1083 eorum
765 1023 903 1098 trepidae
913 1024 1048 1087 etvariis
1055 1032 1142 1087 terro·

172 1108 258 1169 ribus
269 1107 423 1182 inquietae
434 1113 505 1168 sunt
513 1106 657 1181 subitque
669 1121 738 1166 curn
750 1105 881 1167 maxime
892 1110 1079 1171 exsultantia
1091 1111 1145 1171 eol·

173 1192 256 1251 113133
271 1191 428 1267 cogitatio:
444 1190 542 1263 „haec
557 1206 648 1264 quam
664 1190 762 1251 diut“
784 1190 833 1250 Ab
847 1190 907 1252 hoc
921 1192 1049 1256 adiectu
1062 1208 1145 1269 repes

174 1291 263 1336 suam
287 1274 403 1335 flevere
427 1273 603 1351 potentiam.
636 1289 693 1334 nec
718 1273 787 1335 illos
811 1276 990 1349 magnitudo
1012 1276 1145 1339 tonnam

174 1375 251 1421 suae
275 1356 450 1432 delectavit,
481 1359 538 1419 sed
559 1364 705 1418 venturus
727 1358 893 1432 aliquando
907 1358 981 1419 linis
996 1360 1145 1423 exterruit

145 1445 247 1505 tcum
272 1459 327 1518 per
354 1457 463 1516 magna
485 1457 663 1517 camporum
684 1441 783 1516 spatia
797 1439 971 1517 porrigeret
984 1444 1145 1505 exercitum

175 1542 233 1586 nec
257 1540 416 1584 numerum
431 1525 513 1597 eius,
536 1525 594 1585 sed
609 1540 782 1585 mensuram
798 1525 1069 1600 conprehenderet
1081 1528 1144 1589 Per

176 1625 278 1670 sarum
293 1624 349 1666 rex
362 1606 635 1682 insolentissimus,
651 1607 792 1669 lacrimas
807 1609 958 1683 proludit,
976 1611 1064 1687 quod
1074 1612 1145 1673 intra

176 1699 296 1754 eentum
309 1705 407 1750 annos
419 1706 509 1752 nemo
521 1691 812 1753 extantaiuventute
821 1693 1041 1767 superfuturus
1052 1703 1144 1757 esset:

175 1776 278 1836 3311113
294 1776 473 1836 admoturus
488 1783 554 1837 erat
569 1775 663 1836 iatum
677 1775 755 1850 ipse,
771 1774 943 1850 quilebet
958 1777 1144 1852 perditurus·

176 1874 236 1933 que
254 1859 331 1920 alios
346 1859 376 1917 in
392 1858 482 1931 mari,
497 1859 574 1919 alios
588 1860 619 1918 iu
630 1866 725 1932 terra,
744 1859 821 1919 alios
834 1859 970 1934 proelio,
988 1858 1069 1924 alios
1080 1863 1145 1937 tuga

176 1950 206 2001 et
220 1942 297 2001 intra
312 1941 456 2015 exiguum
470 1947 591 2016 tempus
606 1949 845 2018 consumpturus
856 1943 936 2017 illos,
952 1944 1069 2019 quibus
1081 1960 1142 2006 cen·

140 2037 157 2091 3
175 2026 315 2086 tesimum
330 2041 442 2085 annum
460 2025 592 2086 timebat.
571 2024 716 2099 tQuid,
732 2025 817 2100 quod
833 2026 946 2100 gaudia
960 2044 1142 2105 quoqueeo

174 2125 241 2170 rum
254 2108 375 2184 trepida
388 2115 480 2171 sunt?
493 2125 554 2169 non
570 2108 651 2169 euim
666 2108 774 2170 solidis
789 2110 892 2170 causis
903 2109 1085 2187 innituntur,
1095 2111 1142 2191 sed

175 2194 298 2266 eadem,
328 2208 390 2267 qua
410 2193 561 2265 oriuntur,
583 2194 714 2253 vanitate
729 2193 896 2253 turbantur
928 2194 1038 2269 Qualia
1051 2186 1142 2259 autem

176 2285 265 2352 putas
289 2292 361 2337 3333
383 2285 523 2352 tempora
542 2278 655 2337 etiam
648 2293 785 2352 ipsorum
805 2276 1006 2339 confessione
1022 2280 1141 2352 misera,

175 2376 243 2421 cum
259 2361 336 2421 haec
352 2377 486 2437 quoque,
501 2360 613 2436 quibus
628 2376 663 2421 se
677 2361 827 2421 adtollunt
841 2368 871 2422 et
884 2376 983 2437 super
995 2363 1142 2425 bominem

148 2444 314 2517 tellerunt,
330 2460 438 2519 parum
455 2445 576 2505 sincera
588 2450 679 2505 suntt
691 2445 826 2504 Maxima
836 2460 982 2521 quaeque
992 2446 1078 2510 bona
1089 2446 1141 2509 eol

175 2527 257 2586 licita
281 2536 351 2587 sunt
375 2543 433 2587 nec
457 2525 510 2589 ulli
537 2528 678 2588 fortunae
697 2528 798 2588 minus
812 2525 892 2587 bene
907 2544 1003 2604 quam
1016 2532 1142 2613 optimae

176 2608 323 2669 creditur:
347 2606 411 2669 3113
434 2610 576 2671 felicitate
594 2612 634 2670 ad
654 2611 797 2672 tuendam
818 2609 992 2673 felicitatem
1007 2626 1089 2691 opus
1102 2616 1143 2673 est

175 2698 206 2751 et
222 2707 279 2765 pro
294 2691 386 2767 ipsis,
412 2708 493 2767 quae
508 2708 704 2767 successere,
730 2694 811 2754 votis
824 2702 897 2755 vota
911 2695 1057 2759 iacienda
1070 2702 1141 2759 eunt

175 2791 265 2835 omne
282 2775 375 2847 enim,
393 2776 476 2850 quod
494 2777 616 2838 fortuito
632 2776 770 2851 obvenit,
786 2776 928 2839 instabile
941 2786 1000 2841 eet
1031 2780 1142 2857 quod·

174 2860 234 2919 tius
261 2860 441 2931 surrexerit,
468 2860 671 2936 opportunius
696 2868 744 2922 est
762 2860 794 2920 in
809 2876 965 2923 occasum.
997 2866 1142 2927 nemimm

176 2960 268 3018 porro
281 2959 392 3004 casura
403 2944 567 3006 delectent:
582 2945 863 3020 miserrimamergo
874 2961 1007 3009 necesse
1017 2956 1076 3023 eet,
1087 2961 1143 3018 nep

174 3032 290 3086 tantum
304 3027 518 3089 brevissimam
531 3029 624 3088 vitam
638 3044 744 3090 eorum
758 3044 839 3103 esse,
852 3029 905 3104 qui
915 3046 1029 3107 magno
1039 3034 1145 3109 parant

175 3109 294 3182 labore,
318 3110 402 3186 quod
418 3113 534 3173 maiore
549 3113 742 3187 possideant=
769 3128 903 3190 operose
918 3113 1142 3191 adsequuntur,

146 3205 255 3267 squae
269 3196 388 3265 volunt,
405 3194 487 3255 anxii
501 3200 617 3268 tenent,
641 3211 720 3270 quae
734 3195 874 3258 adsecuti
890 3204 972 3259 sunt.
999 3198 1091 3261 Nulla
1103 3198 1172 3259 in·

174 3278 260 3337 terim
279 3291 446 3350 numquam
462 3278 593 3351 amplius
606 3279 732 3340 redituri
747 3281 892 3356 temporis
907 3283 985 3344 ratio
999 3289 1059 3345 333
1092 3297 1143 3343 no·

174 3378 202 3417 v
196 3376 232 3420 re
248 3359 467 3434 occupationes
480 3361 636 3422 veteribus
648 3363 885 3437 substituuntur,
900 3380 975 3442 spes
989 3381 1080 3442 epam
1093 3380 1143 3427 ex·

175 3441 253 3513 citat,
267 3440 461 3503 ambitionem
471 3444 572 3505 ambr
552 3451 603 3505 t.10
626 3446 1142 3527 miseriarumnonfinisquaeritur.
