2378 3856
179 185 242 251 124
367 186 400 245 L.
422 184 568 245 ΑΝΝΑΕΙ
591 182 766 243 SENECAE
787 181 888 242 DlAL.
909 182 963 241 vl.

179 351 298 412 conpos
317 336 379 396 voti
394 335 491 394 lactus
507 341 603 394 esset:
627 340 782 408 precatum
795 332 875 392 euim
897 348 941 406 se,
963 339 1007 405 ιιι,
1031 334 1061 393 si
1083 333 1150 409 quid

179 421 218 482 ob
234 422 385 493 ingentem
399 418 556 477 victoriam
569 416 701 476 invidiae
716 415 849 476 dandum
864 421 957 490 essct,
973 416 1007 476 id
1021 432 1083 479 suo
1100 433 1150 493 po·

146 505 236 566 llius
252 517 344 577 quom
358 500 482 576 publico
497 500 608 560 damno
624 502 802 560 solveretur.
823 498 920 559 Vides
933 514 1031 575 quam
1041 514 1150 575 magno

177 587 279 647 animo
296 584 417 646 tuleritt
435 581 555 645 orbitati
570 597 646 642 suae
660 582 830 656 gratulatus
845 588 901 641 est
929 590 962 641 et
981 598 1079 658 quem
1092 598 1149 643 ma·

176 669 224 744 gis
240 673 359 744 poterat
374 681 556 742 permovere
565 672 648 726 tanta
657 664 805 725 mutatio?
828 662 938 725 solatia
952 664 1048 727 simul
1061 674 1151 741 atque

176 751 289 812 auxilia
305 749 445 825 perdidit.
469 765 529 809 non
545 748 672 823 contigit
685 755 783 807 tamen
799 749 913 808 tristem
923 745 1056 809 Paulum
1069 748 1149 809 Persi

175 836 289 895 videre.

145 924 158 975 1
236 918 315 977 xlv.
337 915 415 990 Quid
430 929 510 974 nunc
525 922 554 974 te
570 929 624 988 pec
638 911 867 974 innumerabilia
874 928 1058 988 magnorum
1074 914 1149 976 viro·

175 1017 241 1061 rum
256 999 397 1072 exempla
411 997 520 1057 ducam
537 1003 567 1056 et
578 1011 722 1071 quaeram
733 996 873 1071 miseros,
889 997 978 1070 quasi
993 1012 1059 1058 non
1074 996 1148 1058 dilli-

175 1083 263 1142 cilius
283 1081 324 1141 sit
342 1080 478 1139 iuvenire
499 1079 625 1140 lelicest
660 1088 755 1155 quota
774 1079 853 1139 enim
875 1095 1020 1155 quaeque
1043 1080 1147 1142 domus

175 1164 328 1239 usquead
344 1164 457 1224 exitum
475 1162 616 1223 omnibus
632 1163 769 1237 partibus
789 1163 854 1222 suis
869 1162 1014 1237 constitit,
1037 1163 1069 1223 iu
1092 1180 1148 1240 qua

174 1264 236 1308 nou
250 1247 365 1323 aliquid
379 1247 529 1306 turbatum
542 1244 602 1306 sit?
626 1262 718 1306 unum
731 1245 895 1321 quemlibet
905 1262 1022 1308 cinnum
1034 1262 1148 1325 occupa

175 1339 257 1391 etex
278 1347 316 1391 eo
338 1331 530 1405 magistratus
552 1329 624 1389 cita:
652 1329 777 1389 Lucium
799 1326 827 1388 si
846 1327 893 1391 vis
910 1327 1057 1393 Bibulum
1076 1330 1147 1392 etc.

176 1416 346 1474 Caesarem.
380 1412 500 1474 videbis
520 1413 598 1472 inter
617 1414 751 1486 collegas
774 1410 1000 1475 inimicissimos
1023 1429 1146 1475 concor·

145 1503 162 1555 a
177 1499 246 1557 dem
258 1498 424 1558 fortunam:
445 1496 476 1553 L.
489 1494 597 1568 Bibuli,
613 1495 746 1556 melioris
760 1511 851 1570 quam
862 1495 996 1556 fortioris
1009 1497 1076 1569 viri,
1090 1499 1146 1557 duo

176 1581 265 1640 simul
277 1578 330 1638 lilii
344 1577 492 1638 interiecti
507 1586 586 1652 sunt,
601 1579 756 1656 Aegyptio
778 1579 901 1654 quidem
912 1579 996 1640 militi
1019 1579 1146 1642 ludibrio

175 1661 278 1734 habiti,
298 1668 332 1722 ut
346 1677 407 1721 nou
421 1660 520 1719 minus
541 1661 610 1735 ipsa
632 1662 760 1722 orbitate
774 1668 881 1722 auctor
895 1662 962 1722 eius
983 1662 1080 1738 digna
1099 1679 1145 1723 res

174 1745 307 1805 lacrimis
322 1751 414 1804 essct.
435 1741 561 1803 Bibulus
577 1750 685 1816 tamen
709 1743 762 1820 qui
775 1751 837 1805 toto
852 1745 980 1805 honoris
1001 1745 1053 1807 sui
1070 1762 1146 1808 anno

176 1828 215 1889 ob
230 1827 372 1888 invidiam
389 1827 524 1900 collegae
537 1827 618 1886 domi
633 1830 768 1902 latuerat,
785 1836 910 1903 postero
926 1827 977 1888 die
988 1845 1084 1904 quam
1097 1846 1145 1905 ge·

175 1911 289 1971 minum
307 1911 397 1970 lunus
412 1910 612 1970 renuntiatum
629 1918 684 1984 est,
700 1911 855 1986 processit
868 1913 908 1971 ad
923 1909 1016 1973 solita
1031 1913 1146 1989 imperii

176 1993 286 2053 cilicia.
316 1992 393 2066 Quid
409 1993 507 2053 minos
523 2002 624 2068 potest
635 2009 725 2070 quam
737 2008 831 2054 unum
846 1994 925 2054 diem
941 1992 1066 2057 duobus
1081 1996 1146 2056 liliis

176 2077 270 2137 daret
291 2084 349 2136 tam
365 2077 425 2136 cito
446 2076 607 2136 liberorum
628 2078 740 2138 luctum
755 2076 859 2149 finivit,
882 2077 934 2152 qui
956 2080 1147 2140 consulatum

145 2168 257 2222 banno
273 2160 400 2219 luxerat.
431 2159 462 2219 C.
479 2159 591 2221 caesar
614 2176 683 2220 curn
696 2158 880 2221 Britanniam
897 2168 1078 2235 peragraret
1093 2176 1146 2221 nec

175 2258 290 2305 oceano
302 2243 456 2304 continere
467 2243 636 2303 ielicitalem
649 2258 735 2303 suam
745 2249 861 2318 posset,
872 2242 1148 2306 audiitdecessisse

174 2325 267 2386 liliam
290 2326 411 2401 publica
431 2342 535 2387 secum
559 2328 619 2386 lato
640 2326 809 2386 ducentem.
834 2326 865 2386 iu
887 2327 985 2386 oculis
1007 2335 1074 2388 erat
1092 2329 1147 2388 iam

175 2411 227 2469 Cn.
242 2409 405 2486 Pompeius
422 2426 482 2470 non
495 2424 594 2484 aequo
610 2410 726 2470 laturus
741 2409 841 2470 animo
854 2424 1040 2485 quemquam
1057 2412 1147 2472 alium

174 2507 246 2553 esse
261 2493 290 2552 in
305 2491 462 2566 republica
482 2508 622 2566 magnum
643 2501 673 2552 et
693 2493 816 2553 modum
840 2491 1030 2567 inposituros
1052 2495 1146 2554 incre·

174 2573 291 2648 mentis,
308 2590 387 2648 quae
401 2574 505 2647 gravia
518 2573 560 2634 illi
572 2574 750 2635 videbantur
760 2576 848 2635 etiam
861 2591 930 2636 cum
944 2577 1148 2638 incommune

175 2653 362 2716 crescerent:
392 2663 491 2715 tamen
511 2657 589 2716 intra
613 2657 730 2717 tertium
752 2657 832 2717 diem
858 2659 1055 2734 imperatoria
1076 2658 1148 2721 obiit

174 2737 275 2798 munia
291 2746 321 2799 et
339 2745 399 2798 tam
414 2737 474 2798 cito
490 2739 625 2799 dolorem
640 2740 711 2799 vicit
726 2757 816 2816 quarn
832 2742 933 2802 omnia
946 2743 1077 2803 solebat.

143 2829 157 2880 1
234 2820 299 2880 XV.
314 2821 392 2895 Quid
403 2821 530 2881 aliorum
542 2823 594 2883 tibi
610 2821 717 2882 lunera
728 2823 890 2886 Caesarum
901 2825 1055 2886 releramt
1069 2842 1146 2902 quos

174 2903 203 2963 in
219 2904 278 2965 hoc
293 2904 364 2965 milri
379 2905 499 2967 videtur
513 2907 631 2967 interim
642 2907 756 2967 violare
771 2908 899 2984 lortuna,
914 2917 947 2970 ut
960 2909 1007 2969 sic
1023 2924 1146 2986 quoque

174 2988 278 3063 generi
300 2988 433 3050 humano
448 2991 566 3065 prosint
585 2991 782 3051 ostendentes
801 3007 841 3052 ne
860 3007 915 3055 eos
938 2991 1073 3069 quidem,
1097 2991 1147 3068 qui

174 3071 222 3131 dis
237 3071 329 3145 geniti
344 3073 482 3148 deosque
501 3073 629 3148 genituri
649 3074 796 3150 dicantur,
817 3075 862 3135 sic
886 3090 974 3136 suam
995 3075 1147 3136 fortunam

141 3153 202 3214 ain
218 3159 368 3228 potestate
388 3156 502 3216 habere
521 3156 778 3232 quemadmodum
798 3158 936 3218 alienam.
970 3157 1069 3220 Divus
1085 3160 1146 3218 Au·

173 3238 411 3311 gustusamissis
419 3237 531 3313 liberis,
543 3237 715 3313 nepotibus,
728 3240 879 3302 exhausta
887 3240 1052 3302 Caesarum
1059 3240 1147 3301 turba

173 3320 338 3396 adoptione
350 3320 502 3382 desertam
512 3321 635 3380 domum
650 3322 741 3382 iulsit.
765 3323 831 3385 tulit
841 3333 941 3385 tamen
952 3325 1071 3386 fortiter
1082 3331 1147 3386 tan·

175 3421 264 3478 quarn
280 3405 367 3464 cuius
382 3404 440 3462 ium
456 3418 506 3462 res
521 3403 667 3478 agebatur
686 3406 835 3484 cuiusque
855 3408 985 3469 maxime
1004 3407 1147 3469 intererat
