<?xml version="1.0" encoding="UTF-8"?>
<!DOCTYPE html PUBLIC "-//W3C//DTD XHTML 1.0 Transitional//EN"
    "http://www.w3.org/TR/xhtml1/DTD/xhtml1-transitional.dtd">
<html xmlns="http://www.w3.org/1999/xhtml" xml:lang="en" lang="en">
 <head>
  <title>
</title>
<meta http-equiv="Content-Type" content="text/html;charset=utf-8" />
  <meta name='ocr-system' content='tesseract 3.04.00' />
  <meta name='ocr-capabilities' content='ocr_page ocr_carea ocr_par ocr_line ocrx_word'/>
</head>
<body>
  <div class='ocr_page' id='page_1' title='image "./lannaeisenecaeo03senegoog_0248.png"; bbox 0 0 2378 3856; ppageno 0'>
   <div class='ocr_carea' id='block_1_1' title="bbox 133 187 1063 270">
    <p class='ocr_par' dir='ltr' id='par_1_1' title="bbox 133 187 1063 270">
     <span class='ocr_line' id='line_1_1' title="bbox 133 187 1063 270; baseline 0.004 -19"><span class='ocrx_word' id='word_1_1' title='bbox 133 187 457 253; x_wconf 75' lang='lat' dir='ltr'><strong>nuronrnrumon</strong></span> <span class='ocrx_word' id='word_1_2' title='bbox 470 189 769 252; x_wconf 74' lang='lat' dir='ltr'><strong>consuranorum</strong></span> <span class='ocrx_word' id='word_1_3' title='bbox 784 195 980 270; x_wconf 67' lang='lat' dir='ltr'><strong>n-rlraq</strong></span> <span class='ocrx_word' id='word_1_4' title='bbox 1001 189 1063 255; x_wconf 80' lang='lat' dir='ltr'><strong>aar</strong></span> 
     </span>
    </p>
   </div>
   <div class='ocr_carea' id='block_1_2' title="bbox 43 344 1092 3504">
    <p class='ocr_par' dir='ltr' id='par_1_2' title="bbox 43 344 1092 1418">
     <span class='ocr_line' id='line_1_2' title="bbox 90 344 1065 422; baseline -0.001 -17"><span class='ocrx_word' id='word_1_5' title='bbox 90 345 197 406; x_wconf 92' lang='lat' dir='ltr'><strong>orbem</strong></span> <span class='ocrx_word' id='word_1_6' title='bbox 220 351 452 422; x_wconf 74' lang='lat' dir='ltr'><strong>pervagantem:</strong></span> <span class='ocrx_word' id='word_1_7' title='bbox 475 359 555 419; x_wconf 91' lang='lat' dir='ltr'><strong>quae</strong></span> <span class='ocrx_word' id='word_1_8' title='bbox 576 359 645 403; x_wconf 86' lang='lat' dir='ltr'><strong>curn</strong></span> <span class='ocrx_word' id='word_1_9' title='bbox 666 359 705 402; x_wconf 89' lang='lat' dir='ltr'><strong>ex</strong></span> <span class='ocrx_word' id='word_1_10' title='bbox 725 344 794 418; x_wconf 93' lang='lat' dir='ltr'><strong>ipso</strong></span> <span class='ocrx_word' id='word_1_11' title='bbox 809 345 868 404; x_wconf 90' lang='lat' dir='ltr'><strong>hoc</strong></span> <span class='ocrx_word' id='word_1_12' title='bbox 881 345 1065 419; x_wconf 80' lang='lat' dir='ltr'><strong>angulo‚-in</strong></span> 
     </span>
     <span class='ocr_line' id='line_1_3' title="bbox 91 426 1064 504; baseline -0.002 -14"><span class='ocrx_word' id='word_1_13' title='bbox 91 445 154 504; x_wconf 91' lang='lat' dir='ltr'><strong>quo</strong></span> <span class='ocrx_word' id='word_1_14' title='bbox 175 443 234 503; x_wconf 91' lang='lat' dir='ltr'><strong>ego</strong></span> <span class='ocrx_word' id='word_1_15' title='bbox 251 426 372 488; x_wconf 85' lang='lat' dir='ltr'><strong>defixus</strong></span> <span class='ocrx_word' id='word_1_16' title='bbox 386 444 468 501; x_wconf 90' lang='lat' dir='ltr'><strong>sum,</strong></span> <span class='ocrx_word' id='word_1_17' title='bbox 491 428 655 502; x_wconf 82' lang='lat' dir='ltr'><strong>conplures</strong></span> <span class='ocrx_word' id='word_1_18' title='bbox 671 428 832 488; x_wconf 87' lang='lat' dir='ltr'><strong>multorum</strong></span> <span class='ocrx_word' id='word_1_19' title='bbox 844 427 904 488; x_wconf 90' lang='lat' dir='ltr'><strong>iam</strong></span> <span class='ocrx_word' id='word_1_20' title='bbox 915 443 1064 488; x_wconf 91' lang='lat' dir='ltr'><strong>annorum</strong></span> 
     </span>
     <span class='ocr_line' id='line_1_4' title="bbox 43 510 1065 589; baseline 0 -17"><span class='ocrx_word' id='word_1_21' title='bbox 43 586 44 589; x_wconf 8' lang='grc' dir='ltr'><strong>Ἴ</strong></span> <span class='ocrx_word' id='word_1_22' title='bbox 87 511 179 572; x_wconf 89' lang='lat' dir='ltr'><strong>ruina</strong></span> <span class='ocrx_word' id='word_1_23' title='bbox 194 511 320 572; x_wconf 87' lang='lat' dir='ltr'><strong>obrutos</strong></span> <span class='ocrx_word' id='word_1_24' title='bbox 335 510 478 572; x_wconf 86' lang='lat' dir='ltr'><strong>effoderit</strong></span> <span class='ocrx_word' id='word_1_25' title='bbox 491 519 521 570; x_wconf 91' lang='lat' dir='ltr'><strong>et</strong></span> <span class='ocrx_word' id='word_1_26' title='bbox 534 511 565 569; x_wconf 92' lang='lat' dir='ltr'><strong>in</strong></span> <span class='ocrx_word' id='word_1_27' title='bbox 578 510 676 569; x_wconf 91' lang='lat' dir='ltr'><strong>lucem</strong></span> <span class='ocrx_word' id='word_1_28' title='bbox 688 511 858 580; x_wconf 85' lang='lat' dir='ltr'><strong>reduxerit,</strong></span> <span class='ocrx_word' id='word_1_29' title='bbox 882 522 944 572; x_wconf 93' lang='lat' dir='ltr'><strong>non</strong></span> <span class='ocrx_word' id='word_1_30' title='bbox 955 526 1065 572; x_wconf 88' lang='lat' dir='ltr'><strong>vereor</strong></span> 
     </span>
     <span class='ocr_line' id='line_1_5' title="bbox 88 593 1062 669; baseline 0.001 -15"><span class='ocrx_word' id='word_1_31' title='bbox 88 610 130 654; x_wconf 93' lang='lat' dir='ltr'><strong>ne</strong></span> <span class='ocrx_word' id='word_1_32' title='bbox 150 610 200 653; x_wconf 90' lang='lat' dir='ltr'><strong>me</strong></span> <span class='ocrx_word' id='word_1_33' title='bbox 217 611 311 655; x_wconf 90' lang='lat' dir='ltr'><strong>unum</strong></span> <span class='ocrx_word' id='word_1_34' title='bbox 331 600 475 654; x_wconf 87' lang='lat' dir='ltr'><strong>transeat.</strong></span> <span class='ocrx_word' id='word_1_35' title='bbox 500 594 573 668; x_wconf 91' lang='lat' dir='ltr'><strong>Ipse</strong></span> <span class='ocrx_word' id='word_1_36' title='bbox 594 598 693 652; x_wconf 88' lang='lat' dir='ltr'><strong>autem</strong></span> <span class='ocrx_word' id='word_1_37' title='bbox 708 593 821 668; x_wconf 90' lang='lat' dir='ltr'><strong>optime</strong></span> <span class='ocrx_word' id='word_1_38' title='bbox 835 594 921 654; x_wconf 86' lang='lat' dir='ltr'><strong>novit</strong></span> <span class='ocrx_word' id='word_1_39' title='bbox 932 602 1062 669; x_wconf 87' lang='lat' dir='ltr'><strong>tempus,</strong></span> 
     </span>
     <span class='ocr_line' id='line_1_6' title="bbox 91 676 1063 754; baseline 0 -15"><span class='ocrx_word' id='word_1_40' title='bbox 91 695 153 754; x_wconf 88' lang='lat' dir='ltr'><strong>quo</strong></span> <span class='ocrx_word' id='word_1_41' title='bbox 170 676 280 752; x_wconf 90' lang='lat' dir='ltr'><strong>cuique</strong></span> <span class='ocrx_word' id='word_1_42' title='bbox 294 677 405 738; x_wconf 89' lang='lat' dir='ltr'><strong>debeat</strong></span> <span class='ocrx_word' id='word_1_43' title='bbox 419 691 612 737; x_wconf 82' lang='lat' dir='ltr'><strong>succurrere:</strong></span> <span class='ocrx_word' id='word_1_44' title='bbox 633 689 690 750; x_wconf 87' lang='lat' dir='ltr'><strong>ego</strong></span> <span class='ocrx_word' id='word_1_45' title='bbox 703 690 823 735; x_wconf 92' lang='lat' dir='ltr'><strong>omnem</strong></span> <span class='ocrx_word' id='word_1_46' title='bbox 834 693 961 752; x_wconf 85' lang='lat' dir='ltr'><strong>operam</strong></span> <span class='ocrx_word' id='word_1_47' title='bbox 972 678 1063 753; x_wconf 91' lang='lat' dir='ltr'><strong>dabo,</strong></span> 
     </span>
     <span class='ocr_line' id='line_1_7' title="bbox 90 757 1092 836; baseline -0.003 -15"><span class='ocrx_word' id='word_1_48' title='bbox 90 777 130 821; x_wconf 94' lang='lat' dir='ltr'><strong>ne</strong></span> <span class='ocrx_word' id='word_1_49' title='bbox 158 760 319 836; x_wconf 91' lang='lat' dir='ltr'><strong>pervenire</strong></span> <span class='ocrx_word' id='word_1_50' title='bbox 343 761 384 820; x_wconf 88' lang='lat' dir='ltr'><strong>ad</strong></span> <span class='ocrx_word' id='word_1_51' title='bbox 408 775 457 819; x_wconf 93' lang='lat' dir='ltr'><strong>me</strong></span> <span class='ocrx_word' id='word_1_52' title='bbox 480 760 651 820; x_wconf 89' lang='lat' dir='ltr'><strong>erubeseat.</strong></span> <span class='ocrx_word' id='word_1_53' title='bbox 686 757 710 818; x_wconf 93' lang='lat'>0</span> <span class='ocrx_word' id='word_1_54' title='bbox 735 759 853 819; x_wconf 84' lang='lat' dir='ltr'><strong>felicem</strong></span> <span class='ocrx_word' id='word_1_55' title='bbox 875 762 1092 821; x_wconf 75' lang='lat' dir='ltr'><strong>clementiaml</strong></span> 
     </span>
     <span class='ocr_line' id='line_1_8' title="bbox 88 842 1064 920; baseline -0.002 -14"><span class='ocrx_word' id='word_1_56' title='bbox 88 854 189 915; x_wconf 87' lang='lat' dir='ltr'><strong>tuam,</strong></span> <span class='ocrx_word' id='word_1_57' title='bbox 217 844 344 917; x_wconf 88' lang='lat' dir='ltr'><strong>Caesar,</strong></span> <span class='ocrx_word' id='word_1_58' title='bbox 368 859 448 918; x_wconf 91' lang='lat' dir='ltr'><strong>quae</strong></span> <span class='ocrx_word' id='word_1_59' title='bbox 468 843 583 916; x_wconf 85' lang='lat' dir='ltr'><strong>effecit,</strong></span> <span class='ocrx_word' id='word_1_60' title='bbox 608 847 642 902; x_wconf 89' lang='lat' dir='ltr'><strong>ut</strong></span> <span class='ocrx_word' id='word_1_61' title='bbox 657 842 835 917; x_wconf 84' lang='lat' dir='ltr'><strong>quietiorem</strong></span> <span class='ocrx_word' id='word_1_62' title='bbox 856 844 915 904; x_wconf 91' lang='lat' dir='ltr'><strong>sub</strong></span> <span class='ocrx_word' id='word_1_63' title='bbox 928 851 959 904; x_wconf 88' lang='lat' dir='ltr'><strong>te</strong></span> <span class='ocrx_word' id='word_1_64' title='bbox 973 851 1064 920; x_wconf 87' lang='lat' dir='ltr'><strong>agant</strong></span> 
     </span>
     <span class='ocr_line' id='line_1_9' title="bbox 89 925 1064 1003; baseline -0.002 -15"><span class='ocrx_word' id='word_1_65' title='bbox 89 930 184 989; x_wconf 88' lang='lat' dir='ltr'><strong>vitam</strong></span> <span class='ocrx_word' id='word_1_66' title='bbox 198 931 320 1001; x_wconf 82' lang='lat' dir='ltr'><strong>exutae,</strong></span> <span class='ocrx_word' id='word_1_67' title='bbox 336 943 430 1000; x_wconf 91' lang='lat' dir='ltr'><strong>quam</strong></span> <span class='ocrx_word' id='word_1_68' title='bbox 443 941 541 1002; x_wconf 89' lang='lat' dir='ltr'><strong>nuper</strong></span> <span class='ocrx_word' id='word_1_69' title='bbox 553 926 611 986; x_wconf 92' lang='lat' dir='ltr'><strong>sub</strong></span> <span class='ocrx_word' id='word_1_70' title='bbox 623 925 694 986; x_wconf 85' lang='lat' dir='ltr'><strong>Caio</strong></span> <span class='ocrx_word' id='word_1_71' title='bbox 706 941 796 1000; x_wconf 87' lang='lat' dir='ltr'><strong>egere</strong></span> <span class='ocrx_word' id='word_1_72' title='bbox 808 927 963 1003; x_wconf 87' lang='lat' dir='ltr'><strong>principes</strong></span> <span class='ocrx_word' id='word_1_73' title='bbox 972 941 988 982; x_wconf 55' lang='lat'><strong>=¹</strong></span> <span class='ocrx_word' id='word_1_74' title='bbox 1000 945 1064 988; x_wconf 91' lang='lat' dir='ltr'><strong>non</strong></span> 
     </span>
     <span class='ocr_line' id='line_1_10' title="bbox 79 1009 1063 1087; baseline -0.001 -15"><span class='ocrx_word' id='word_1_75' title='bbox 79 1012 243 1087; x_wconf 88' lang='lat' dir='ltr'><strong>trepidant</strong></span> <span class='ocrx_word' id='word_1_76' title='bbox 261 1025 318 1071; x_wconf 91' lang='lat' dir='ltr'><strong>nec</strong></span> <span class='ocrx_word' id='word_1_77' title='bbox 333 1026 388 1086; x_wconf 90' lang='lat' dir='ltr'><strong>per</strong></span> <span class='ocrx_word' id='word_1_78' title='bbox 403 1010 541 1085; x_wconf 88' lang='lat' dir='ltr'><strong>singulas</strong></span> <span class='ocrx_word' id='word_1_79' title='bbox 554 1009 648 1070; x_wconf 87' lang='lat' dir='ltr'><strong>horas</strong></span> <span class='ocrx_word' id='word_1_80' title='bbox 663 1009 797 1085; x_wconf 81' lang='lat' dir='ltr'><strong>gladium</strong></span> <span class='ocrx_word' id='word_1_81' title='bbox 811 1018 992 1087; x_wconf 87' lang='lat' dir='ltr'><strong>exspectant</strong></span> <span class='ocrx_word' id='word_1_82' title='bbox 1007 1027 1063 1071; x_wconf 92' lang='lat' dir='ltr'><strong>nec</strong></span> 
     </span>
     <span class='ocr_line' id='line_1_11' title="bbox 90 1092 1065 1170; baseline -0.001 -15"><span class='ocrx_word' id='word_1_83' title='bbox 90 1097 130 1155; x_wconf 88' lang='lat' dir='ltr'><strong>ad</strong></span> <span class='ocrx_word' id='word_1_84' title='bbox 149 1110 269 1155; x_wconf 89' lang='lat' dir='ltr'><strong>omnem</strong></span> <span class='ocrx_word' id='word_1_85' title='bbox 283 1092 407 1155; x_wconf 89' lang='lat' dir='ltr'><strong>navium</strong></span> <span class='ocrx_word' id='word_1_86' title='bbox 422 1100 620 1170; x_wconf 87' lang='lat' dir='ltr'><strong>conspectum</strong></span> <span class='ocrx_word' id='word_1_87' title='bbox 635 1100 757 1168; x_wconf 88' lang='lat' dir='ltr'><strong>pavent.</strong></span> <span class='ocrx_word' id='word_1_88' title='bbox 788 1110 844 1169; x_wconf 91' lang='lat' dir='ltr'><strong>per</strong></span> <span class='ocrx_word' id='word_1_89' title='bbox 860 1102 890 1155; x_wconf 91' lang='lat' dir='ltr'><strong>te</strong></span> <span class='ocrx_word' id='word_1_90' title='bbox 903 1095 1018 1156; x_wconf 89' lang='lat' dir='ltr'><strong>habeut</strong></span> <span class='ocrx_word' id='word_1_91' title='bbox 1031 1102 1065 1154; x_wconf 87' lang='lat' dir='ltr'><strong>ut</strong></span> 
     </span>
     <span class='ocr_line' id='line_1_12' title="bbox 90 1175 1064 1252; baseline 0 -14"><span class='ocrx_word' id='word_1_92' title='bbox 90 1181 230 1240; x_wconf 80' lang='lat' dir='ltr'><strong>fortunae</strong></span> <span class='ocrx_word' id='word_1_93' title='bbox 241 1175 406 1238; x_wconf 88' lang='lat' dir='ltr'><strong>saevientis</strong></span> <span class='ocrx_word' id='word_1_94' title='bbox 418 1179 542 1239; x_wconf 88' lang='lat' dir='ltr'><strong>modum</strong></span> <span class='ocrx_word' id='word_1_95' title='bbox 554 1178 595 1236; x_wconf 90' lang='lat' dir='ltr'><strong>lta</strong></span> <span class='ocrx_word' id='word_1_96' title='bbox 606 1193 694 1252; x_wconf 91' lang='lat' dir='ltr'><strong>spem</strong></span> <span class='ocrx_word' id='word_1_97' title='bbox 706 1193 830 1251; x_wconf 91' lang='lat' dir='ltr'><strong>quoqne</strong></span> <span class='ocrx_word' id='word_1_98' title='bbox 841 1178 975 1238; x_wconf 88' lang='lat' dir='ltr'><strong>melioris</strong></span> <span class='ocrx_word' id='word_1_99' title='bbox 983 1179 1064 1239; x_wconf 92' lang='lat' dir='ltr'><strong>eius-</strong></span> 
     </span>
     <span class='ocr_line' id='line_1_13' title="bbox 89 1259 1065 1337; baseline -0.001 -16"><span class='ocrx_word' id='word_1_100' title='bbox 89 1262 160 1322; x_wconf 90' lang='lat' dir='ltr'><strong>dem</strong></span> <span class='ocrx_word' id='word_1_101' title='bbox 175 1277 212 1321; x_wconf 90' lang='lat' dir='ltr'><strong>ac</strong></span> <span class='ocrx_word' id='word_1_102' title='bbox 227 1259 398 1337; x_wconf 90' lang='lat' dir='ltr'><strong>praesentis</strong></span> <span class='ocrx_word' id='word_1_103' title='bbox 412 1261 554 1336; x_wconf 85' lang='lat' dir='ltr'><strong>quietern.</strong></span> <span class='ocrx_word' id='word_1_104' title='bbox 577 1259 664 1320; x_wconf 88' lang='lat' dir='ltr'><strong>Scias</strong></span> <span class='ocrx_word' id='word_1_105' title='bbox 675 1260 748 1320; x_wconf 87' lang='lat' dir='ltr'><strong>licet</strong></span> <span class='ocrx_word' id='word_1_106' title='bbox 759 1274 796 1319; x_wconf 89' lang='lat' dir='ltr'><strong>ea</strong></span> <span class='ocrx_word' id='word_1_107' title='bbox 807 1260 929 1321; x_wconf 90' lang='lat' dir='ltr'><strong>demum</strong></span> <span class='ocrx_word' id='word_1_108' title='bbox 939 1261 1065 1320; x_wconf 90' lang='lat' dir='ltr'><strong>lulmina</strong></span> 
     </span>
     <span class='ocr_line' id='line_1_14' title="bbox 89 1343 848 1418; baseline -0.005 -13"><span class='ocrx_word' id='word_1_109' title='bbox 89 1361 162 1406; x_wconf 90' lang='lat' dir='ltr'><strong>esse</strong></span> <span class='ocrx_word' id='word_1_110' title='bbox 176 1344 357 1415; x_wconf 89' lang='lat' dir='ltr'><strong>iustissima,</strong></span> <span class='ocrx_word' id='word_1_111' title='bbox 381 1360 461 1418; x_wconf 90' lang='lat' dir='ltr'><strong>quae</strong></span> <span class='ocrx_word' id='word_1_112' title='bbox 476 1345 565 1404; x_wconf 87' lang='lat' dir='ltr'><strong>etiam</strong></span> <span class='ocrx_word' id='word_1_113' title='bbox 580 1343 721 1418; x_wconf 87' lang='lat' dir='ltr'><strong>percussi</strong></span> <span class='ocrx_word' id='word_1_114' title='bbox 736 1344 848 1403; x_wconf 88' lang='lat' dir='ltr'><strong>colunt.</strong></span> 
     </span>
    </p>

    <p class='ocr_par' dir='ltr' id='par_1_3' title="bbox 46 1425 1091 3504">
     <span class='ocr_line' id='line_1_15' title="bbox 152 1425 1091 1503; baseline 0.002 -15"><span class='ocrx_word' id='word_1_115' title='bbox 152 1429 231 1488; x_wconf 73' lang='lat' dir='ltr'><strong>xlv,</strong></span> <span class='ocrx_word' id='word_1_116' title='bbox 255 1433 324 1502; x_wconf 68' lang='lat' dir='ltr'><strong>[ee]</strong></span> <span class='ocrx_word' id='word_1_117' title='bbox 345 1428 402 1487; x_wconf 87' lang='lat' dir='ltr'><strong>Hie</strong></span> <span class='ocrx_word' id='word_1_118' title='bbox 414 1428 517 1503; x_wconf 91' lang='lat' dir='ltr'><strong>itaque</strong></span> <span class='ocrx_word' id='word_1_119' title='bbox 527 1425 681 1503; x_wconf 86' lang='lat' dir='ltr'><strong>princeps,</strong></span> <span class='ocrx_word' id='word_1_120' title='bbox 699 1427 750 1501; x_wconf 91' lang='lat' dir='ltr'><strong>qui</strong></span> <span class='ocrx_word' id='word_1_121' title='bbox 762 1427 918 1500; x_wconf 89' lang='lat' dir='ltr'><strong>publicum</strong></span> <span class='ocrx_word' id='word_1_122' title='bbox 930 1429 1091 1490; x_wconf 79' lang='lat' dir='ltr'><strong>omniumr</strong></span> 
     </span>
     <span class='ocr_line' id='line_1_16' title="bbox 88 1510 1062 1585; baseline -0.001 -15"><span class='ocrx_word' id='word_1_123' title='bbox 88 1512 246 1572; x_wconf 92' lang='lat' dir='ltr'><strong>hominum</strong></span> <span class='ocrx_word' id='word_1_124' title='bbox 262 1512 404 1572; x_wconf 88' lang='lat' dir='ltr'><strong>solatium</strong></span> <span class='ocrx_word' id='word_1_125' title='bbox 419 1519 481 1585; x_wconf 89' lang='lat' dir='ltr'><strong>est,</strong></span> <span class='ocrx_word' id='word_1_126' title='bbox 497 1519 549 1571; x_wconf 89' lang='lat' dir='ltr'><strong>aut</strong></span> <span class='ocrx_word' id='word_1_127' title='bbox 562 1526 611 1569; x_wconf 91' lang='lat' dir='ltr'><strong>me</strong></span> <span class='ocrx_word' id='word_1_128' title='bbox 627 1511 728 1570; x_wconf 91' lang='lat' dir='ltr'><strong>omnia</strong></span> <span class='ocrx_word' id='word_1_129' title='bbox 746 1510 865 1584; x_wconf 84' lang='lat' dir='ltr'><strong>fallunt,</strong></span> <span class='ocrx_word' id='word_1_130' title='bbox 882 1517 934 1571; x_wconf 90' lang='lat' dir='ltr'><strong>aut</strong></span> <span class='ocrx_word' id='word_1_131' title='bbox 945 1511 1003 1570; x_wconf 88' lang='lat' dir='ltr'><strong>ianr</strong></span> <span class='ocrx_word' id='word_1_132' title='bbox 1014 1526 1062 1570; x_wconf 92' lang='lat' dir='ltr'><strong>re·</strong></span> 
     </span>
     <span class='ocr_line' id='line_1_17' title="bbox 88 1593 1062 1668; baseline -0.004 -12"><span class='ocrx_word' id='word_1_133' title='bbox 88 1597 204 1656; x_wconf 87' lang='lat' dir='ltr'><strong>creavit</strong></span> <span class='ocrx_word' id='word_1_134' title='bbox 224 1597 356 1655; x_wconf 90' lang='lat' dir='ltr'><strong>animum</strong></span> <span class='ocrx_word' id='word_1_135' title='bbox 369 1602 453 1655; x_wconf 88' lang='lat' dir='ltr'><strong>tuum</strong></span> <span class='ocrx_word' id='word_1_136' title='bbox 471 1602 575 1656; x_wconf 91' lang='lat' dir='ltr'><strong>ettam</strong></span> <span class='ocrx_word' id='word_1_137' title='bbox 589 1610 700 1668; x_wconf 83' lang='lat' dir='ltr'><strong>magno</strong></span> <span class='ocrx_word' id='word_1_138' title='bbox 715 1593 832 1654; x_wconf 92' lang='lat' dir='ltr'><strong>volneri</strong></span> <span class='ocrx_word' id='word_1_139' title='bbox 847 1595 964 1654; x_wconf 89' lang='lat' dir='ltr'><strong>maiora</strong></span> <span class='ocrx_word' id='word_1_140' title='bbox 977 1594 1062 1653; x_wconf 89' lang='lat' dir='ltr'><strong>adhi-</strong></span> 
     </span>
     <span class='ocr_line' id='line_1_18' title="bbox 88 1676 1062 1740; baseline -0.002 -2"><span class='ocrx_word' id='word_1_141' title='bbox 88 1679 155 1738; x_wconf 90' lang='lat' dir='ltr'><strong>buit</strong></span> <span class='ocrx_word' id='word_1_142' title='bbox 167 1679 312 1739; x_wconf 71' lang='lat' dir='ltr'><strong>remedia·</strong></span> <span class='ocrx_word' id='word_1_143' title='bbox 341 1677 401 1737; x_wconf 89' lang='lat' dir='ltr'><strong>iarn</strong></span> <span class='ocrx_word' id='word_1_144' title='bbox 414 1685 444 1738; x_wconf 89' lang='lat' dir='ltr'><strong>te</strong></span> <span class='ocrx_word' id='word_1_145' title='bbox 459 1676 540 1740; x_wconf 91' lang='lat' dir='ltr'><strong>omni</strong></span> <span class='ocrx_word' id='word_1_146' title='bbox 555 1678 745 1738; x_wconf 88' lang='lat' dir='ltr'><strong>confirmavit</strong></span> <span class='ocrx_word' id='word_1_147' title='bbox 758 1677 861 1738; x_wconf 91' lang='lat' dir='ltr'><strong>modo.</strong></span> <span class='ocrx_word' id='word_1_148' title='bbox 889 1678 948 1737; x_wconf 91' lang='lat' dir='ltr'><strong>iam</strong></span> <span class='ocrx_word' id='word_1_149' title='bbox 961 1676 1062 1736; x_wconf 89' lang='lat' dir='ltr'><strong>omnia</strong></span> 
     </span>
     <span class='ocr_line' id='line_1_19' title="bbox 89 1761 1062 1837; baseline -0.001 -16"><span class='ocrx_word' id='word_1_150' title='bbox 89 1764 246 1836; x_wconf 87' lang='lat' dir='ltr'><strong>exempla,</strong></span> <span class='ocrx_word' id='word_1_151' title='bbox 269 1761 380 1837; x_wconf 91' lang='lat' dir='ltr'><strong>quibus</strong></span> <span class='ocrx_word' id='word_1_152' title='bbox 402 1762 439 1820; x_wconf 91' lang='lat' dir='ltr'><strong>ad</strong></span> <span class='ocrx_word' id='word_1_153' title='bbox 457 1761 548 1821; x_wconf 90' lang='lat' dir='ltr'><strong>animi</strong></span> <span class='ocrx_word' id='word_1_154' title='bbox 563 1761 746 1835; x_wconf 82' lang='lat' dir='ltr'><strong>aequitatem</strong></span> <span class='ocrx_word' id='word_1_155' title='bbox 761 1762 995 1835; x_wconf 89' lang='lat' dir='ltr'><strong>conpellereris‚</strong></span> <span class='ocrx_word' id='word_1_156' title='bbox 1018 1768 1062 1820; x_wconf 89' lang='lat' dir='ltr'><strong>te-</strong></span> 
     </span>
     <span class='ocr_line' id='line_1_20' title="bbox 88 1844 1080 1920; baseline -0.002 -16"><span class='ocrx_word' id='word_1_157' title='bbox 88 1861 254 1906; x_wconf 81' lang='lat' dir='ltr'><strong>nacissima</strong></span> <span class='ocrx_word' id='word_1_158' title='bbox 265 1860 410 1905; x_wconf 85' lang='lat' dir='ltr'><strong>memorre</strong></span> <span class='ocrx_word' id='word_1_159' title='bbox 420 1844 530 1905; x_wconf 79' lang='lat' dir='ltr'><strong>retulit</strong></span> <span class='ocrx_word' id='word_1_160' title='bbox 550 1860 609 1903; x_wconf 80' lang='lat' dir='ltr'><strong>tarn</strong></span> <span class='ocrx_word' id='word_1_161' title='bbox 617 1860 750 1905; x_wconf 80' lang='lat' dir='ltr'><strong>omnium</strong></span> <span class='ocrx_word' id='word_1_162' title='bbox 761 1851 928 1920; x_wconf 90' lang='lat' dir='ltr'><strong>praecepta</strong></span> <span class='ocrx_word' id='word_1_163' title='bbox 939 1859 1080 1919; x_wconf 89' lang='lat' dir='ltr'><strong>sapren</strong></span> 
     </span>
     <span class='ocr_line' id='line_1_21' title="bbox 88 1927 1090 2003; baseline 0.002 -14"><span class='ocrx_word' id='word_1_164' title='bbox 88 1936 152 1989; x_wconf 85' lang='lat' dir='ltr'><strong>turn</strong></span> <span class='ocrx_word' id='word_1_165' title='bbox 166 1929 295 1988; x_wconf 90' lang='lat' dir='ltr'><strong>adsueta</strong></span> <span class='ocrx_word' id='word_1_166' title='bbox 310 1927 367 1987; x_wconf 91' lang='lat' dir='ltr'><strong>sibi</strong></span> <span class='ocrx_word' id='word_1_167' title='bbox 383 1928 526 1989; x_wconf 89' lang='lat' dir='ltr'><strong>laoundia</strong></span> <span class='ocrx_word' id='word_1_168' title='bbox 539 1929 693 2003; x_wconf 82' lang='lat' dir='ltr'><strong>explicuit</strong></span> <span class='ocrx_word' id='word_1_169' title='bbox 718 1929 824 1989; x_wconf 86' lang='lat' dir='ltr'><strong>Nullus</strong></span> <span class='ocrx_word' id='word_1_170' title='bbox 839 1930 941 2003; x_wconf 90' lang='lat' dir='ltr'><strong>itaque</strong></span> <span class='ocrx_word' id='word_1_171' title='bbox 953 1927 1090 1991; x_wconf 70' lang='lat' dir='ltr'><strong>meliusr</strong></span> 
     </span>
     <span class='ocr_line' id='line_1_22' title="bbox 87 2010 1063 2087; baseline 0 -17"><span class='ocrx_word' id='word_1_172' title='bbox 87 2013 145 2072; x_wconf 90' lang='lat' dir='ltr'><strong>has</strong></span> <span class='ocrx_word' id='word_1_173' title='bbox 167 2010 355 2085; x_wconf 87' lang='lat' dir='ltr'><strong>adloquendi</strong></span> <span class='ocrx_word' id='word_1_174' title='bbox 374 2020 478 2087; x_wconf 90' lang='lat' dir='ltr'><strong>partes</strong></span> <span class='ocrx_word' id='word_1_175' title='bbox 497 2012 704 2087; x_wconf 89' lang='lat' dir='ltr'><strong>occupaverit.</strong></span> <span class='ocrx_word' id='word_1_176' title='bbox 738 2012 821 2073; x_wconf 88' lang='lat' dir='ltr'><strong>aliud</strong></span> <span class='ocrx_word' id='word_1_177' title='bbox 834 2012 989 2072; x_wconf 89' lang='lat' dir='ltr'><strong>habebunt</strong></span> <span class='ocrx_word' id='word_1_178' title='bbox 1003 2011 1063 2071; x_wconf 89' lang='lat' dir='ltr'><strong>hoc</strong></span> 
     </span>
     <span class='ocr_line' id='line_1_23' title="bbox 88 2093 1062 2170; baseline -0.004 -14"><span class='ocrx_word' id='word_1_179' title='bbox 88 2096 208 2156; x_wconf 88' lang='lat' dir='ltr'><strong>dicente</strong></span> <span class='ocrx_word' id='word_1_180' title='bbox 219 2095 344 2170; x_wconf 90' lang='lat' dir='ltr'><strong>pondus</strong></span> <span class='ocrx_word' id='word_1_181' title='bbox 355 2095 450 2154; x_wconf 90' lang='lat' dir='ltr'><strong>verba</strong></span> <span class='ocrx_word' id='word_1_182' title='bbox 462 2096 544 2155; x_wconf 90' lang='lat' dir='ltr'><strong>velut</strong></span> <span class='ocrx_word' id='word_1_183' title='bbox 554 2095 593 2154; x_wconf 88' lang='lat' dir='ltr'><strong>ab</strong></span> <span class='ocrx_word' id='word_1_184' title='bbox 605 2097 729 2156; x_wconf 91' lang='lat' dir='ltr'><strong>oraculo</strong></span> <span class='ocrx_word' id='word_1_185' title='bbox 740 2097 844 2155; x_wconf 89' lang='lat' dir='ltr'><strong>missa.</strong></span> <span class='ocrx_word' id='word_1_186' title='bbox 869 2111 989 2155; x_wconf 89' lang='lat' dir='ltr'><strong>omnem</strong></span> <span class='ocrx_word' id='word_1_187' title='bbox 1000 2093 1062 2153; x_wconf 93' lang='lat' dir='ltr'><strong>vim</strong></span> 
     </span>
     <span class='ocr_line' id='line_1_24' title="bbox 88 2175 1062 2252; baseline -0.001 -14"><span class='ocrx_word' id='word_1_188' title='bbox 88 2179 204 2238; x_wconf 89' lang='lat' dir='ltr'><strong>doloris</strong></span> <span class='ocrx_word' id='word_1_189' title='bbox 220 2179 262 2238; x_wconf 89' lang='lat' dir='ltr'><strong>tui</strong></span> <span class='ocrx_word' id='word_1_190' title='bbox 278 2178 380 2238; x_wconf 90' lang='lat' dir='ltr'><strong>divina</strong></span> <span class='ocrx_word' id='word_1_191' title='bbox 395 2178 460 2238; x_wconf 91' lang='lat' dir='ltr'><strong>eius</strong></span> <span class='ocrx_word' id='word_1_192' title='bbox 477 2179 643 2238; x_wconf 90' lang='lat' dir='ltr'><strong>contundet</strong></span> <span class='ocrx_word' id='word_1_193' title='bbox 660 2177 832 2238; x_wconf 87' lang='lat' dir='ltr'><strong>auctoritas.</strong></span> <span class='ocrx_word' id='word_1_194' title='bbox 862 2179 943 2237; x_wconf 90' lang='lat' dir='ltr'><strong>hunc</strong></span> <span class='ocrx_word' id='word_1_195' title='bbox 958 2175 1062 2252; x_wconf 88' lang='lat' dir='ltr'><strong>itaque</strong></span> 
     </span>
     <span class='ocr_line' id='line_1_25' title="bbox 87 2258 1062 2337; baseline -0.003 -14"><span class='ocrx_word' id='word_1_196' title='bbox 87 2262 141 2323; x_wconf 93' lang='lat' dir='ltr'><strong>tibi</strong></span> <span class='ocrx_word' id='word_1_197' title='bbox 154 2263 351 2337; x_wconf 82' lang='lat' dir='ltr'><strong>putadieere=</strong></span> <span class='ocrx_word' id='word_1_198' title='bbox 374 2258 1062 2335; x_wconf 83' lang='lat' dir='ltr'><strong>„Nontesolumfortunadesumpsit</strong></span> 
     </span>
     <span class='ocr_line' id='line_1_26' title="bbox 87 2344 1061 2420; baseline -0.001 -15"><span class='ocrx_word' id='word_1_199' title='bbox 87 2345 178 2418; x_wconf 90' lang='lat' dir='ltr'><strong>sibi,</strong></span> <span class='ocrx_word' id='word_1_200' title='bbox 199 2344 517 2420; x_wconf 86' lang='lat' dir='ltr'><strong>quamtamgravi</strong></span> <span class='ocrx_word' id='word_1_201' title='bbox 533 2344 892 2406; x_wconf 89' lang='lat' dir='ltr'><strong>adliceretiniuria.</strong></span> <span class='ocrx_word' id='word_1_202' title='bbox 917 2344 1061 2404; x_wconf 90' lang='lat' dir='ltr'><strong>nullado·</strong></span> 
     </span>
     <span class='ocr_line' id='line_1_27' title="bbox 87 2427 1061 2502; baseline 0.001 -16"><span class='ocrx_word' id='word_1_203' title='bbox 87 2445 156 2488; x_wconf 88' lang='lat' dir='ltr'><strong>mus</strong></span> <span class='ocrx_word' id='word_1_204' title='bbox 169 2427 200 2488; x_wconf 90' lang='lat' dir='ltr'><strong>in</strong></span> <span class='ocrx_word' id='word_1_205' title='bbox 213 2437 278 2490; x_wconf 90' lang='lat' dir='ltr'><strong>toto</strong></span> <span class='ocrx_word' id='word_1_206' title='bbox 294 2429 368 2488; x_wconf 87' lang='lat' dir='ltr'><strong>orbe</strong></span> <span class='ocrx_word' id='word_1_207' title='bbox 384 2437 530 2488; x_wconf 89' lang='lat' dir='ltr'><strong>terrarum</strong></span> <span class='ocrx_word' id='word_1_208' title='bbox 546 2435 598 2487; x_wconf 89' lang='lat' dir='ltr'><strong>aut</strong></span> <span class='ocrx_word' id='word_1_209' title='bbox 610 2436 657 2487; x_wconf 89' lang='lat' dir='ltr'><strong>est</strong></span> <span class='ocrx_word' id='word_1_210' title='bbox 668 2435 719 2489; x_wconf 86' lang='lat' dir='ltr'><strong>aut</strong></span> <span class='ocrx_word' id='word_1_211' title='bbox 730 2428 786 2488; x_wconf 89' lang='lat' dir='ltr'><strong>luit</strong></span> <span class='ocrx_word' id='word_1_212' title='bbox 798 2428 863 2487; x_wconf 90' lang='lat' dir='ltr'><strong>sine</strong></span> <span class='ocrx_word' id='word_1_213' title='bbox 874 2427 977 2502; x_wconf 90' lang='lat' dir='ltr'><strong>aliqua</strong></span> <span class='ocrx_word' id='word_1_214' title='bbox 988 2443 1061 2487; x_wconf 91' lang='lat' dir='ltr'><strong>con·</strong></span> 
     </span>
     <span class='ocr_line' id='line_1_28' title="bbox 88 2507 1061 2593; baseline -0.001 -22"><span class='ocrx_word' id='word_1_215' title='bbox 88 2513 270 2587; x_wconf 89' lang='lat' dir='ltr'><strong>ploratione.</strong></span> <span class='ocrx_word' id='word_1_216' title='bbox 298 2511 446 2572; x_wconf 82' lang='lat' dir='ltr'><strong>Transibo</strong></span> <span class='ocrx_word' id='word_1_217' title='bbox 459 2512 599 2585; x_wconf 86' lang='lat' dir='ltr'><strong>exempla</strong></span> <span class='ocrx_word' id='word_1_218' title='bbox 613 2512 762 2593; x_wconf 80' lang='lat' dir='ltr'><strong>volgaria,</strong></span> <span class='ocrx_word' id='word_1_219' title='bbox 786 2525 865 2585; x_wconf 92' lang='lat' dir='ltr'><strong>quae</strong></span> <span class='ocrx_word' id='word_1_220' title='bbox 878 2507 996 2570; x_wconf 89' lang='lat' dir='ltr'><strong>etiamsi</strong></span> <span class='ocrx_word' id='word_1_221' title='bbox 1006 2508 1061 2570; x_wconf 92' lang='lat' dir='ltr'><strong>mi-</strong></span> 
     </span>
     <span class='ocr_line' id='line_1_29' title="bbox 87 2594 1062 2671; baseline -0.001 -16"><span class='ocrx_word' id='word_1_222' title='bbox 87 2612 178 2668; x_wconf 90' lang='lat' dir='ltr'><strong>nora,</strong></span> <span class='ocrx_word' id='word_1_223' title='bbox 198 2605 298 2655; x_wconf 90' lang='lat' dir='ltr'><strong>tamen</strong></span> <span class='ocrx_word' id='word_1_224' title='bbox 313 2596 432 2669; x_wconf 89' lang='lat' dir='ltr'><strong>misera,</strong></span> <span class='ocrx_word' id='word_1_225' title='bbox 454 2601 539 2659; x_wconf 63' lang='lat' dir='ltr'><strong>sunt:</strong></span> <span class='ocrx_word' id='word_1_226' title='bbox 562 2595 602 2654; x_wconf 89' lang='lat' dir='ltr'><strong>ad</strong></span> <span class='ocrx_word' id='word_1_227' title='bbox 617 2594 715 2655; x_wconf 83' lang='lat' dir='ltr'><strong>fastus</strong></span> <span class='ocrx_word' id='word_1_228' title='bbox 730 2604 760 2656; x_wconf 87' lang='lat' dir='ltr'><strong>te</strong></span> <span class='ocrx_word' id='word_1_229' title='bbox 772 2601 801 2654; x_wconf 90' lang='lat' dir='ltr'><strong>et</strong></span> <span class='ocrx_word' id='word_1_230' title='bbox 812 2596 938 2655; x_wconf 87' lang='lat' dir='ltr'><strong>annales</strong></span> <span class='ocrx_word' id='word_1_231' title='bbox 949 2595 1062 2671; x_wconf 88' lang='lat' dir='ltr'><strong>perdu-</strong></span> 
     </span>
     <span class='ocr_line' id='line_1_30' title="bbox 87 2678 1091 2754; baseline -0.001 -16"><span class='ocrx_word' id='word_1_232' title='bbox 87 2695 154 2738; x_wconf 89' lang='lat' dir='ltr'><strong>cam</strong></span> <span class='ocrx_word' id='word_1_233' title='bbox 167 2680 318 2752; x_wconf 87' lang='lat' dir='ltr'><strong>publicos.</strong></span> <span class='ocrx_word' id='word_1_234' title='bbox 341 2680 438 2739; x_wconf 90' lang='lat' dir='ltr'><strong>Vides</strong></span> <span class='ocrx_word' id='word_1_235' title='bbox 451 2693 558 2739; x_wconf 90' lang='lat' dir='ltr'><strong>omnes</strong></span> <span class='ocrx_word' id='word_1_236' title='bbox 569 2678 627 2738; x_wconf 91' lang='lat' dir='ltr'><strong>has</strong></span> <span class='ocrx_word' id='word_1_237' title='bbox 639 2678 796 2754; x_wconf 83' lang='lat' dir='ltr'><strong>imagines,</strong></span> <span class='ocrx_word' id='word_1_238' title='bbox 813 2694 893 2753; x_wconf 92' lang='lat' dir='ltr'><strong>quae</strong></span> <span class='ocrx_word' id='word_1_239' title='bbox 905 2678 1091 2754; x_wconf 75' lang='lat' dir='ltr'><strong>inpleveraa</strong></span> 
     </span>
     <span class='ocr_line' id='line_1_31' title="bbox 87 2759 1061 2836; baseline -0.002 -15"><span class='ocrx_word' id='word_1_240' title='bbox 87 2762 254 2822; x_wconf 85' lang='lat' dir='ltr'><strong>Caesarum</strong></span> <span class='ocrx_word' id='word_1_241' title='bbox 274 2764 402 2822; x_wconf 72' lang='lat' dir='ltr'><strong>atrium?</strong></span> <span class='ocrx_word' id='word_1_242' title='bbox 430 2763 513 2823; x_wconf 90' lang='lat' dir='ltr'><strong>nulla</strong></span> <span class='ocrx_word' id='word_1_243' title='bbox 536 2778 595 2822; x_wconf 93' lang='lat' dir='ltr'><strong>non</strong></span> <span class='ocrx_word' id='word_1_244' title='bbox 616 2762 723 2822; x_wconf 89' lang='lat' dir='ltr'><strong>harum</strong></span> <span class='ocrx_word' id='word_1_245' title='bbox 744 2763 846 2836; x_wconf 92' lang='lat' dir='ltr'><strong>aliquo</strong></span> <span class='ocrx_word' id='word_1_246' title='bbox 869 2779 995 2823; x_wconf 87' lang='lat' dir='ltr'><strong>suorum</strong></span> <span class='ocrx_word' id='word_1_247' title='bbox 1015 2759 1061 2820; x_wconf 93' lang='lat' dir='ltr'><strong>in·</strong></span> 
     </span>
     <span class='ocr_line' id='line_1_32' title="bbox 87 2842 1062 2918; baseline -0.004 -12"><span class='ocrx_word' id='word_1_248' title='bbox 87 2844 251 2906; x_wconf 89' lang='lat' dir='ltr'><strong>commodo</strong></span> <span class='ocrx_word' id='word_1_249' title='bbox 267 2842 396 2918; x_wconf 85' lang='lat' dir='ltr'><strong>insignis</strong></span> <span class='ocrx_word' id='word_1_250' title='bbox 411 2852 468 2905; x_wconf 90' lang='lat' dir='ltr'><strong>est.</strong></span> <span class='ocrx_word' id='word_1_251' title='bbox 492 2860 581 2905; x_wconf 92' lang='lat' dir='ltr'><strong>nemo</strong></span> <span class='ocrx_word' id='word_1_252' title='bbox 596 2859 659 2903; x_wconf 94' lang='lat' dir='ltr'><strong>non</strong></span> <span class='ocrx_word' id='word_1_253' title='bbox 673 2845 791 2904; x_wconf 89' lang='lat' dir='ltr'><strong>existis</strong></span> <span class='ocrx_word' id='word_1_254' title='bbox 805 2843 836 2903; x_wconf 94' lang='lat' dir='ltr'><strong>in</strong></span> <span class='ocrx_word' id='word_1_255' title='bbox 853 2850 1062 2904; x_wconf 88' lang='lat' dir='ltr'><strong>ornamentum</strong></span> 
     </span>
     <span class='ocr_line' id='line_1_33' title="bbox 87 2926 1061 3001; baseline -0.006 -13"><span class='ocrx_word' id='word_1_256' title='bbox 87 2928 263 2988; x_wconf 86' lang='lat' dir='ltr'><strong>seculorum</strong></span> <span class='ocrx_word' id='word_1_257' title='bbox 283 2927 503 3001; x_wconf 79' lang='lat' dir='ltr'><strong>refulgentibus</strong></span> <span class='ocrx_word' id='word_1_258' title='bbox 522 2927 597 2991; x_wconf 89' lang='lat' dir='ltr'><strong>viris</strong></span> <span class='ocrx_word' id='word_1_259' title='bbox 617 2933 669 2986; x_wconf 90' lang='lat' dir='ltr'><strong>aut</strong></span> <span class='ocrx_word' id='word_1_260' title='bbox 684 2926 837 2985; x_wconf 90' lang='lat' dir='ltr'><strong>desiderio</strong></span> <span class='ocrx_word' id='word_1_261' title='bbox 856 2941 982 2985; x_wconf 91' lang='lat' dir='ltr'><strong>suorum</strong></span> <span class='ocrx_word' id='word_1_262' title='bbox 999 2933 1061 2985; x_wconf 92' lang='lat' dir='ltr'><strong>tor-</strong></span> 
     </span>
     <span class='ocr_line' id='line_1_34' title="bbox 85 3007 1061 3072; baseline -0.005 0"><span class='ocrx_word' id='word_1_263' title='bbox 85 3021 135 3072; x_wconf 93' lang='lat' dir='ltr'><strong>tus</strong></span> <span class='ocrx_word' id='word_1_264' title='bbox 152 3018 199 3070; x_wconf 90' lang='lat' dir='ltr'><strong>est</strong></span> <span class='ocrx_word' id='word_1_265' title='bbox 214 3017 266 3069; x_wconf 89' lang='lat' dir='ltr'><strong>aut</strong></span> <span class='ocrx_word' id='word_1_266' title='bbox 280 3026 298 3069; x_wconf 90' lang='lat' dir='ltr'><strong>a</strong></span> <span class='ocrx_word' id='word_1_267' title='bbox 313 3010 379 3070; x_wconf 88' lang='lat' dir='ltr'><strong>suis</strong></span> <span class='ocrx_word' id='word_1_268' title='bbox 394 3025 462 3069; x_wconf 89' lang='lat' dir='ltr'><strong>cum</strong></span> <span class='ocrx_word' id='word_1_269' title='bbox 473 3012 605 3070; x_wconf 88' lang='lat' dir='ltr'><strong>maximo</strong></span> <span class='ocrx_word' id='word_1_270' title='bbox 618 3010 709 3067; x_wconf 91' lang='lat' dir='ltr'><strong>animi</strong></span> <span class='ocrx_word' id='word_1_271' title='bbox 721 3007 855 3068; x_wconf 92' lang='lat' dir='ltr'><strong>cruciatu</strong></span> <span class='ocrx_word' id='word_1_272' title='bbox 867 3008 1061 3068; x_wconf 89' lang='lat' dir='ltr'><strong>desideratus</strong></span> 
     </span>
     <span class='ocr_line' id='line_1_35' title="bbox 46 3089 1089 3189; baseline 0.002 -35"><span class='ocrx_word' id='word_1_273' title='bbox 46 3089 55 3093; x_wconf 73' lang='grc'><em>“</em></span> <span class='ocrx_word' id='word_1_274' title='bbox 86 3102 144 3154; x_wconf 88' lang='lat' dir='ltr'><strong>est.</strong></span> <span class='ocrx_word' id='word_1_275' title='bbox 182 3094 260 3168; x_wconf 80' lang='lat' dir='ltr'><strong>Quid</strong></span> <span class='ocrx_word' id='word_1_276' title='bbox 282 3093 333 3153; x_wconf 93' lang='lat' dir='ltr'><strong>tibi</strong></span> <span class='ocrx_word' id='word_1_277' title='bbox 355 3093 403 3151; x_wconf 90' lang='lat' dir='ltr'><strong>rel</strong></span> <span class='ocrx_word' id='word_1_278' title='bbox 402 3109 484 3152; x_wconf 89' lang='lat' dir='ltr'><strong>eram</strong></span> <span class='ocrx_word' id='word_1_279' title='bbox 505 3092 680 3189; x_wconf 83' lang='lat' dir='ltr'><strong>Scipionem</strong></span> <span class='ocrx_word' id='word_1_280' title='bbox 698 3092 890 3166; x_wconf 84' lang='lat' dir='ltr'><strong>Africanum,</strong></span> <span class='ocrx_word' id='word_1_281' title='bbox 914 3093 962 3152; x_wconf 89' lang='lat' dir='ltr'><strong>oui</strong></span> <span class='ocrx_word' id='word_1_282' title='bbox 976 3103 1089 3156; x_wconf 86' lang='lat' dir='ltr'><strong>mors4</strong></span> 
     </span>
     <span class='ocr_line' id='line_1_36' title="bbox 86 3175 1060 3265; baseline -0.001 -30"><span class='ocrx_word' id='word_1_283' title='bbox 86 3177 210 3238; x_wconf 81' lang='lat' dir='ltr'><strong>fratris</strong></span> <span class='ocrx_word' id='word_1_284' title='bbox 203 3194 234 3236; x_wconf 92' lang='lat' dir='ltr'><strong>m</strong></span> <span class='ocrx_word' id='word_1_285' title='bbox 249 3177 339 3237; x_wconf 85' lang='lat' dir='ltr'><strong>exilio</strong></span> <span class='ocrx_word' id='word_1_286' title='bbox 355 3185 430 3237; x_wconf 91' lang='lat' dir='ltr'><strong>nunt</strong></span> <span class='ocrx_word' id='word_1_287' title='bbox 418 3175 491 3237; x_wconf 88' lang='lat' dir='ltr'><strong>tiata</strong></span> <span class='ocrx_word' id='word_1_288' title='bbox 501 3183 568 3237; x_wconf 76' lang='lat' dir='ltr'><strong>estl</strong></span> <span class='ocrx_word' id='word_1_289' title='bbox 589 3177 616 3235; x_wconf 90' lang='lat' dir='ltr'><strong>is</strong></span> <span class='ocrx_word' id='word_1_290' title='bbox 629 3175 735 3265; x_wconf 83' lang='lat' dir='ltr'><strong>trater,</strong></span> <span class='ocrx_word' id='word_1_291' title='bbox 752 3175 804 3249; x_wconf 93' lang='lat' dir='ltr'><strong>qui</strong></span> <span class='ocrx_word' id='word_1_292' title='bbox 816 3175 928 3252; x_wconf 91' lang='lat' dir='ltr'><strong>eripuit</strong></span> <span class='ocrx_word' id='word_1_293' title='bbox 916 3177 1060 3236; x_wconf 89' lang='lat' dir='ltr'><strong>ltralrem</strong></span> 
     </span>
     <span class='ocr_line' id='line_1_37' title="bbox 85 3238 1020 3337; baseline -0.002 -18"><span class='ocrx_word' id='word_1_294' title='bbox 85 3276 226 3336; x_wconf 87' lang='lat' dir='ltr'><strong>carcere,</strong></span> <span class='ocrx_word' id='word_1_295' title='bbox 246 3277 306 3322; x_wconf 95' lang='lat' dir='ltr'><strong>non</strong></span> <span class='ocrx_word' id='word_1_296' title='bbox 323 3260 421 3335; x_wconf 91' lang='lat' dir='ltr'><strong>potuit</strong></span> <span class='ocrx_word' id='word_1_297' title='bbox 435 3261 637 3337; x_wconf 84' lang='lat' dir='ltr'><strong>eriperelato</strong></span> <span class='ocrx_word' id='word_1_298' title='bbox 642 3238 690 3320; x_wconf 87' lang='lat' dir='ltr'><strong>et</strong></span> <span class='ocrx_word' id='word_1_299' title='bbox 706 3275 764 3328; x_wconf 85' lang='lat' dir='ltr'><strong>oua</strong></span> <span class='ocrx_word' id='word_1_300' title='bbox 812 3259 1020 3334; x_wconf 77' lang='lat' dir='ltr'><strong>impatiensiur</strong></span> 
     </span>
     <span class='ocr_line' id='line_1_38' title="bbox 85 3341 1060 3419; baseline -0.004 -17"><span class='ocrx_word' id='word_1_301' title='bbox 85 3344 177 3418; x_wconf 88' lang='lat' dir='ltr'><strong>aequi</strong></span> <span class='ocrx_word' id='word_1_302' title='bbox 189 3343 286 3419; x_wconf 79' lang='lat' dir='ltr'><strong>pletas</strong></span> <span class='ocrx_word' id='word_1_303' title='bbox 297 3341 435 3404; x_wconf 77' lang='lat' dir='ltr'><strong>Africam</strong></span> <span class='ocrx_word' id='word_1_304' title='bbox 437 3343 545 3418; x_wconf 78' lang='lat' dir='ltr'><strong>luerit,</strong></span> <span class='ocrx_word' id='word_1_305' title='bbox 555 3359 600 3407; x_wconf 83' lang='lat' dir='ltr'><strong>ctu</strong></span> <span class='ocrx_word' id='word_1_306' title='bbox 664 3359 672 3405; x_wconf 83' lang='lat' dir='ltr'><strong>t</strong></span> <span class='ocrx_word' id='word_1_307' title='bbox 812 3349 849 3392; x_wconf 74' lang='lat' dir='ltr'><strong>tr</strong></span> <span class='ocrx_word' id='word_1_308' title='bbox 857 3343 968 3403; x_wconf 85' lang='lat' dir='ltr'><strong>eodem</strong></span> <span class='ocrx_word' id='word_1_309' title='bbox 1028 3359 1060 3398; x_wconf 90' lang='lat' dir='ltr'><strong>rn</strong></span> 
     </span>
     <span class='ocr_line' id='line_1_39' title="bbox 86 3425 1060 3504; baseline -0.001 -19"><span class='ocrx_word' id='word_1_310' title='bbox 86 3426 136 3486; x_wconf 91' lang='lat' dir='ltr'><strong>die</strong></span> <span class='ocrx_word' id='word_1_311' title='bbox 157 3425 261 3504; x_wconf 89' lang='lat' dir='ltr'><strong>Scipio</strong></span> <span class='ocrx_word' id='word_1_312' title='bbox 281 3427 461 3501; x_wconf 79' lang='lat' dir='ltr'><strong>Africanus,</strong></span> <span class='ocrx_word' id='word_1_313' title='bbox 479 3440 560 3500; x_wconf 67' lang='lat' dir='ltr'><strong>quo*</strong></span> <span class='ocrx_word' id='word_1_314' title='bbox 604 3447 616 3501; x_wconf 79' lang='lat' dir='ltr'><strong>l</strong></span> <span class='ocrx_word' id='word_1_315' title='bbox 996 3439 1060 3484; x_wconf 79' lang='lat' dir='ltr'><strong>tos-</strong></span> 
     </span>
    </p>
   </div>
   <div class='ocr_carea' id='block_1_3' title="bbox 0 0 1194 3856">
    <p class='ocr_par' dir='ltr' id='par_1_4' title="bbox 0 0 1194 3856">
     <span class='ocr_line' id='line_1_40' title="bbox 0 0 1194 3856; baseline 0 0"><span class='ocrx_word' id='word_1_316' title='bbox 0 0 1194 3856; x_wconf 95' lang='lat' dir='ltr'><strong> </strong></span> 
     </span>
    </p>
   </div>
  </div>
 </body>
</html>
