2378 3856
221 195 323 253 ulau.
343 195 394 253 tv.
424 160 658 282 auinaue.
680 195 716 254 u.
738 203 870 258 ra-n.
991 195 1033 258 os

57 349 177 419 animus
192 353 247 418 est,
265 347 317 420 qui
330 345 377 405 ira
391 350 505 408 caret.“
523 348 653 407 'Verum
668 355 728 419 est,
750 348 777 408 si
797 348 871 408 nihil
884 348 975 410 habet
989 351 1034 410 ira

55 431 216 491 valentius.
246 431 309 489 Nec
324 431 471 490 latronem
486 437 606 505 oportet
620 446 692 490 esse
715 446 771 490 nec
793 433 954 506 praedam,
977 448 1034 492 uec

55 513 285 576 misericordem
300 527 356 572 nec
372 514 534 573 crudelem.
573 514 654 573 illius
674 514 764 572 nimis
786 514 886 574 mollis
905 517 1033 588 animus,

55 599 146 658 huius
167 595 257 656 nimis
277 596 371 658 durus
391 604 453 656 est:
476 603 662 670 temperatus
684 596 724 656 sit
744 595 871 670 sepiens
885 605 915 657 et
928 599 968 657 ad
981 614 1032 659 res

56 682 166 742 lortius
181 679 318 754 agendas
333 695 393 739 non
410 679 500 752 iram,
517 681 572 740 sed
587 679 647 739 vim
662 679 814 739 adhibeat.

119 764 229 824 xvlll.
261 762 1060 837 Quoniamquaedeiraquaerunturtra-l

55 848 263 920 ctavimus,
293 845 529 906 accedamus
557 847 603 906 ad
629 847 802 905 remedia
827 845 920 906 eius.
954 847 1033 907 Duo

55 936 250 1003 autem,ut
269 927 429 1002 opinor,
453 937 556 991 sunt:
577 945 621 990 ne
642 930 860 989 incidamus
880 931 915 990 in
940 930 1034 988 iram

55 1022 92 1076 et
112 1029 157 1073 ne
175 1015 211 1073 in
232 1013 289 1071 ira
305 1027 518 1086 peccemus.
549 1013 590 1074 Ut
603 1013 633 1072 in
652 1028 817 1088 corporum
833 1029 907 1073 cura
920 1013 979 1072 alia
995 1013 1034 1071 de

55 1098 170 1158 tuenda
185 1095 364 1169 valitudine,
383 1096 440 1155 alia
456 1097 495 1157 de
510 1095 698 1157 restituenda
713 1104 878 1171 praecepta
892 1102 976 1170 sunt,
993 1096 1034 1156 ita

56 1182 143 1240 aliter
157 1181 232 1240 iram
247 1179 395 1239 debemus
409 1183 575 1255 repellere,
597 1180 684 1240 aliter
705 1195 902 1253 conpescere.
925 1187 969 1253 [ut
989 1182 1033 1238 vi·

55 1269 176 1336 temus]
199 1263 389 1337 Quaedam
406 1265 450 1322 ad
464 1262 689 1323 universam
703 1263 817 1322 vitam
836 1263 1033 1337 pertinen-

56 1346 432 1421 tiapraecipientur.
474 1345 1032 1406 eaineducationemetinse-

58 1431 217 1505 quentia
237 1437 410 1504 tempora
425 1429 660 1489 dividentur.

120 1514 268 1572 Educatio
284 1513 445 1572 maximam
459 1512 644 1587 diligentiam
659 1514 883 1588 plurimumque
898 1514 1064 1589 prolum-2

56 1614 123 1657 ram
149 1596 310 1656 desiderat.
354 1597 443 1656 tacite
467 1604 514 1656 est
536 1598 615 1655 enim
638 1598 761 1658 teneros
786 1598 886 1657 adhuc
917 1597 1035 1658 animos

57 1695 250 1755 conponere,
280 1679 442 1740 difficulter
461 1679 638 1740 reciduntur
657 1681 742 1756 vitia,
770 1697 849 1755 quae
876 1681 1036 1740 nobiscum

57 1771 229 1824 creverunt.
313 1775 316 1786 ¹
767 1786 769 1788 ·

120 1847 197 1906 XIX.
219 1846 484 1921 Opportunissima
499 1848 539 1906 ad
553 1848 741 1908 iracundiam
757 1847 865 1906 fervidi
881 1847 972 1905 animi
983 1863 1036 1905 na·
1050 1858 1064 1908 1

58 1939 125 1990 tura
141 1938 195 1990 est.
226 1946 294 1994 nam
311 1945 378 1988 cum
393 1933 543 1991 elementa
563 1933 623 1990 sint
645 1939 789 2006 quatuor,
812 1931 905 2005 ignis,
926 1947 1035 2004 aquae,

58 2014 155 2086 aeris,
178 2021 290 2085 terrae,
313 2019 480 2087 potestates
495 2030 587 2090 pares
601 2015 649 2075 his
665 2023 750 2086 sunt,
772 2014 903 2087 fervida,
919 2014 1048 2087 frigida·

58 2097 145 2156 arida
165 2103 257 2170 atque
270 2095 405 2155 lrumida.
439 2103 469 2155 et
488 2099 624 2157 locorum
645 2100 747 2172 itaque
767 2104 797 2155 et
816 2097 989 2156 animalium
1009 2102 1039 2154 et

59 2195 224 2253 corporum
239 2185 269 2237 et
283 2194 398 2238 morum
414 2181 574 2240 varietates
591 2181 720 2239 mixtura
732 2182 948 2238 elementorum
967 2177 1039 2238 lacit

59 2270 89 2322 et
105 2262 233 2338 proinde
248 2261 277 2319 in
292 2261 412 2335 aliquos
427 2262 524 2335 magis
541 2263 719 2322 incumbunt
734 2263 864 2336 ingenia,
878 2268 970 2336 prout
985 2261 1037 2319 ali·

59 2339 148 2406 dulus
164 2344 303 2405 elementi
318 2345 413 2403 maior
427 2344 474 2403 vis
489 2345 663 2406 abundavit.
695 2346 766 2405 inde
777 2345 926 2419 quasdam
941 2343 1037 2404 humi-

60 2432 116 2490 das
132 2444 279 2489 vocamus
301 2427 466 2502 aridasque
486 2429 629 2501 regiones
651 2437 682 2488 et
707 2427 821 2487 calidas
848 2434 878 2487 et
903 2428 1037 2501 frigidas,

59 2513 174 2572 Eadem
200 2511 371 2572 animalium
398 2511 615 2587 hominumque
639 2510 814 2572 discrimina
835 2518 920 2572 sunt:
948 2512 1067 2575 referta

61 2603 205 2672 quantum
222 2595 353 2670 quisque
368 2595 482 2655 humidi
497 2595 526 2654 in
543 2612 577 2656 se
592 2595 743 2670 calidique
758 2596 918 2656 contineat.
951 2595 1037 2655 cuius

60 2682 89 2740 in
105 2681 156 2740 illo
173 2678 312 2739 elementi
327 2679 425 2752 portio
441 2679 636 2753 praevalebit,
652 2680 723 2738 inde
737 2695 839 2739 mores
855 2685 950 2738 erunt.
980 2679 1037 2737 ira-

62 2764 181 2824 cundos
197 2761 316 2821 fervida
331 2762 422 2822 animi
437 2771 544 2823 natura
561 2764 664 2823 faciet:
687 2771 734 2821 est
753 2763 831 2821 enim
849 2769 994 2821 actuosus
1009 2767 1040 2819 et

60 2847 200 2922 pertinax
214 2845 302 2919 ignis.
336 2844 436 2920 frigidi
457 2845 587 2906 mixtura
607 2846 729 2905 timidos
750 2846 835 2904 lacit:
859 2843 977 2917 pigrum
992 2850 1040 2902 est

61 2931 406 3003 enlmcontraetumque
421 2929 526 3002 lrigus.
548 2928 662 2988 Volunt
676 2927 779 3000 itaque
794 2926 916 3001 quidam
931 2942 970 2985 ex
985 2929 1069 2984 nod

61 3014 131 3074 stris
147 3013 221 3072 iram
237 3012 268 3070 ln
283 3019 407 3085 pectore
422 3011 537 3070 moveri
553 3010 772 3069 effervescente
793 3009 874 3067 circa
895 3024 949 3068 cor
970 3024 1039 3068 sau-

60 3097 162 3172 guine.
195 3109 290 3155 causa
311 3108 365 3154 cur
384 3093 434 3152 hie
455 3091 646 3168 potissimum
668 3093 845 3167 adsignetur
859 3093 923 3152 irae
943 3093 1039 3165 locus,

60 3198 123 3241 non
139 3181 197 3240 alia
213 3186 268 3250 ost,
285 3193 376 3251 quam
392 3178 475 3251 quod
486 3178 516 3235 in
533 3183 595 3237 toto
612 3191 743 3251 corpore
756 3175 971 3235 calidissimum
986 3190 1040 3250 pe-

61 3273 129 3325 ctus
143 3272 201 3324 est.
236 3263 351 3338 Quibus
366 3260 481 3320 humidi
497 3261 566 3336 plus
580 3262 675 3334 inest,
697 3276 802 3319 eorum
817 3261 959 3334 paulatim
975 3261 1068 3317 ere-4

61 3349 189 3421 scitira,
205 3348 351 3422 quianon
367 3354 415 3405 est
429 3352 555 3419 paratus
569 3344 628 3403 illis
645 3344 737 3415 calor,
759 3343 813 3402 sed
830 3348 914 3403 motu
932 3336 1040 3414 adqui-

61 3431 146 3491 ritur.
182 3428 286 3504 itaque
306 3444 470 3506 puerorum
492 3428 734 3501 feminarumque
753 3426 925 3566 irae5aeres
946 3421 1042 3496 magis

43 3524 46 3529 ’
105 3531 206 3571 sannen
219 3532 290 3572 nutu.
306 3518 325 3572 1.
