2378 3856
170 206 232 271 180
357 207 390 265 L.
413 205 559 265 anunm
582 203 759 264 SENECAE
781 204 882 267 nint.
904 204 956 266 IX.

169 359 199 417 in
216 373 277 433 qua
291 361 417 417 senatus
433 355 630 429 populusque
645 359 755 415 senatu
769 353 893 427 similis,
916 353 1021 415 coibat
1035 353 1144 417 cotidie

169 441 347 501 carnificum
367 439 454 498 triste
474 436 635 511 collegium
656 444 687 497 et
699 435 805 495 infelix
826 437 911 496 curia
930 439 1081 515 tyrannis·
1094 455 1144 499 an·

169 532 273 599 gusta:
297 529 455 598 poteratne
471 523 522 580 illa
535 520 642 580 civitas
659 519 897 594 conquiescere,
917 520 947 579 iu
963 536 1030 596 qne
1040 530 1087 585 tot
1099 530 1144 601 ty·

168 608 256 665 ranni
277 614 364 666 erant
384 611 459 680 quot
474 604 619 664 satellites
639 608 764 663 essenti
792 618 831 662 ne
851 618 927 677 spes
943 604 1073 679 quidem
1086 606 1144 667 ulla

168 690 365 764 recipiendae
385 687 531 748 libertatis
552 686 661 746 animis
683 693 803 761 poterat
817 685 937 759 offerri,
955 702 1016 748 nec
1031 690 1087 749 ulli
1099 705 1143 750 rc·

169 774 270 833 medio
285 775 373 833 locus
386 770 554 847 adparebat
568 777 674 829 contra
684 776 798 831 lautam
810 771 872 828 vim
882 771 1049 831 maloruma
1065 774 1143 833 unde

136 866 153 916 2
169 858 248 917 enim
264 858 395 916 miserae
415 853 528 914 civitati
547 859 592 914 tot
608 853 813 913 Harmodios?
840 851 986 914 Socrates
998 860 1101 916 temen
1114 858 1142 916 in

168 941 269 1000 medio
290 945 356 998 erat
375 945 405 997 et
425 939 564 1012 lugentes
578 945 683 1011 patres
699 936 916 997 consolabatur
929 945 961 997 et
975 937 1141 1015 desperau-

168 1029 214 1081 tes
230 1022 270 1081 de
284 1021 441 1096 republica
456 1019 673 1080 exhortabatur
687 1026 718 1079 el
732 1019 874 1081 divitibus
897 1035 1069 1095 opes-suas
1084 1038 1141 1083 me

168 1105 323 1164 tuentibus
345 1104 553 1180 exprobrabat
572 1118 671 1164 seram
693 1102 888 1178 periculosae
906 1104 1057 1165 avaritiae
1071 1122 1141 1181 poe·

168 1188 323 1248 nitentium
348 1196 379 1249 et
403 1187 512 1247 imitari
537 1186 709 1246 volentibus
739 1201 882 1260 magnum
910 1187 1143 1250 circumferebat

168 1272 340 1346 exemplar,
368 1288 436 1332 cum
462 1271 540 1331 inter·
562 1269 685 1344 triginta
709 1270 851 1331 dominos
876 1270 953 1330 liber
977 1270 1141 1334 incederet

135 1365 153 1420 3
167 1355 256 1415 Hunc
270 1362 370 1415 minen
386 1354 525 1414 Athenae
538 1355 626 1428 ipsae
640 1354 671 1413 in
687 1368 811 1413 carcere
825 1354 1021 1429 occiderunt,
1040 1363 1071 1416 et
1092 1355 1143 1433 qai

168 1446 232 1498 tuto
253 1439 451 1499 insultaverat
470 1438 582 1511 agmini
602 1443 801 1516 tyrannorum
821 1438 912 1511 civis,
938 1440 1004 1500 eires
1023 1438 1141 1501 liberta·

167 1530 228 1581 tem
249 1522 373 1582 libertas
394 1536 456 1579 non
476 1522 557 1581 tulit:
582 1528 615 1581 ut
634 1522 716 1581 scias
738 1528 768 1581 el
790 1521 820 1580 in
841 1519 966 1583 adflicta
985 1523 1142 1599 republica

141 1608 240 1669 lesse
262 1605 458 1665 occasionem
478 1604 608 1678 sapienti
629 1605 695 1664 viro
716 1604 811 1664 adse
832 1605 1052 1679 proterendum
1071 1608 1142 1668 etin

168 1685 289 1747 tlorenti
311 1703 347 1746 ac
367 1687 457 1747 beata
469 1687 644 1761 pecuniam,
665 1686 825 1761 invidiam,
846 1689 926 1748 mille
940 1689 1003 1749 alia
1015 1689 1142 1751 inermia

136 1771 241 1830 lvitia
259 1785 398 1846 regnare.
427 1771 601 1843 Utcumque
619 1785 693 1844 ergo
715 1785 750 1830 se
772 1771 949 1846 respublica
970 1771 1072 1847 dabit,
1098 1781 1140 1835 ut·

169 1869 300 1927 cumque
321 1855 444 1913 fortuna
465 1854 629 1928 permittet,
650 1854 692 1913 ita
713 1859 765 1913 aut
778 1854 1002 1930 explicabimus
1017 1872 1077 1919 nos
1092 1865 1142 1918 ant

169 1936 401 1997 contrahemus=
422 1935 527 2010 utique
546 1937 736 1996 movebimus
758 1951 815 1995 nec
834 1937 958 2013 adligati
977 1948 1062 2001 metu
1081 1950 1140 2002 tor·

168 2017 320 2093 pcbimus.
354 2020 445 2080 immo
462 2019 512 2078 ille
528 2020 574 2078 vir
591 2019 693 2092 suerit,
717 2021 769 2095 qui
785 2021 928 2094 periculis
943 2022 1140 2100 unebquein·

168 2103 367 2173 minentibns‚
389 2104 482 2163 armis
505 2103 586 2163 circa
600 2111 631 2163 et
644 2103 760 2163 catenis
775 2104 973 2167 trementibus
987 2122 1051 2169 non
1067 2108 1141 2168 adli·

168 2188 244 2246 serit
263 2185 404 2248 virtutem
419 2202 476 2246 nec
491 2186 699 2247 absconderit
726 2201 788 2246 nou
803 2195 853 2248 est
864 2188 943 2248 enim
962 2204 1091 2251 serrare
1106 2206 1141 2253 se

135 2270 313 2344 sobrnere,
328 2277 361 2330 ut
372 2271 491 2345 opinor.
514 2271 622 2331 Curius
633 2271 779 2330 Dentatus
790 2271 907 2343 aiebat,
917 2273 1036 2335 malie
1050 2288 1141 2335 esse

168 2369 211 2414 se
230 2362 418 2415 mortuum
440 2371 544 2430 quam
567 2353 707 2413 vivere.
741 2354 886 2415 Ultimum
898 2355 1141 2418 malommcste

167 2438 308 2498 vivorum
327 2453 452 2498 numero
473 2438 572 2509 exire,
595 2445 758 2513 antequam
772 2435 921 2498 moriaris.
950 2440 1008 2499 sed
1029 2441 1140 2501 lacien-

168 2520 239 2578 dum
256 2521 325 2593 erit,
342 2522 368 2580 si
383 2521 413 2578 in
428 2520 615 2594 reipublicae
635 2528 757 2595 tempus
775 2520 875 2580 minus
895 2522 1056 2585 uacmbile
1069 2524 1140 2585 inei·

168 2601 265 2672 deris,
280 2603 397 2676 utplus
412 2604 474 2663 otio
490 2619 526 2662 ac
542 2595 637 2663 liteiis
651 2602 799 2663 vindices.
828 2619 886 2663 nee
900 2603 989 2665 aliter
1004 2624 1098 2682 quam
1111 2608 1140 2667 in

168 2684 344 2758 periculosa
366 2685 560 2759 navigatione
587 2685 717 2745 subinde
742 2694 864 2761 portum
885 2693 974 2763 petas
1001 2705 1062 2751 nec
1090 2706 1138 2751 ex·

168 2774 305 2841 spectes,
334 2768 434 2828 donec
462 2784 512 2827 res
539 2774 569 2828 te
595 2768 758 2844 dimittant,
787 2770 844 2830 sed
869 2770 988 2832 abillis
1015 2780 1047 2835 te
1073 2775 1138 2850 ipsc

169 2850 321 2926 diiungas.

136 2944 152 2995 1
229 2936 281 2995 Vl.
320 2937 523 3011 Inspicere
558 2943 679 2997 autem
715 2937 941 2999 debebimus
977 2940 1138 3013 primum

168 3020 452 3093 nosmetipsos,
480 3018 621 3079 deinde
649 3036 707 3092 ea,
737 3037 837 3094 qnae
863 3022 1139 3096 adgrediemur

167 3100 337 3239 neglotia,
367 3101 510 3161 deinde
537 3118 619 3174 eos,
647 3119 806 3177 quorum
831 3119 951 3166 causa
971 3114 1037 3167 aut
1057 3122 1136 3167 cum

167 3198 231 3257 qur
265 3200 318 3242 us.

134 3272 151 3324 2
227 3267 324 3325 Ante
355 3266 481 3324 omnia
508 3267 529 3340 †
558 3268 883 3330 considerandum
911 3278 985 3347 est,
1014 3280 1136 3335 utrum

166 3356 303 3410 natura
332 3355 395 3408 tua
423 3349 586 3422 agendis
614 3350 730 3411 rebus
761 3370 804 3413 an
840 3354 971 3418 otioso
1000 3358 1134 3419 studio

166 3431 569 3507 contemplationique
590 3436 718 3509 aptior
738 3437 803 3509 sit,
824 3444 860 3497 el
879 3452 924 3499 eo
939 3437 1134 3503 inclinen-

1015 3614 1147 3665 .·····÷-r,·.„.
1178 3648 1181 3667 ,

996 3668 1011 3679 .·
1045 3662 1048 3667 “
1152 3664 1163 3679 ἱ
