2378 3856
159 201 201 263 50
452 201 486 260 L.
508 201 653 261 ΑΝΝΑΕΙ
673 200 849 262 SENECAE

158 356 189 415 ls
204 369 272 414 oum
286 354 380 412 iratus
396 353 465 412 duci
487 351 630 412 iussisset
649 367 734 423 enm,
757 350 809 425 qui
828 366 870 410 ex
883 359 1058 413 commeatu
1078 351 1141 414 siue
1178 350 1184 427 f

160 436 364 498 commilitone
378 436 524 508 redierat,
547 435 635 509 quasi
655 432 859 495 interfecisset
873 448 966 510 quem
979 450 1044 497 non
1059 437 1141 497 extri-

158 520 266 591 bebat‚
285 519 404 594 roganti
419 524 540 594 tempus
556 518 681 593 aliquod
698 518 738 577 ad
754 515 998 593 conquirendum
1012 520 1142 581 nonde
1185 524 1187 583 Ξ

159 605 212 664 dit.
235 604 395 663 damnatus
410 611 496 664 extra
508 602 619 662 vallum
634 602 801 676 productus
816 607 865 661 est
878 607 909 660 et
918 598 979 661 iam
990 602 1143 664 cervicem

159 686 344 762 porrigebat,
360 702 428 747 cum
440 687 541 746 subito
556 685 697 760 adparuit
711 686 760 744 ille
775 685 938 746 commilito
953 685 1008 760 qui
1019 687 1143 748 occisus

130 770 328 831 lvidebatur.
357 772 441 829 Tunc
463 770 599 831 centurio
621 769 774 843 supplicio
795 768 991 844 praepositus
1007 769 1183 832 condere

159 853 293 929 gladium
314 854 539 927 speculatorem
559 852 657 925 iubet,
679 852 853 912 damnatum
872 852 913 911 ad
930 849 1079 913 Pisonem
1097 869 1184 913 re

159 937 244 997 ducit
262 937 437 996 redditurus
457 935 561 997 Pisoni
580 936 798 996 innocentiam·
824 951 894 995 narn
913 933 1000 995 militi
1021 922 1185 997 tortum}

158 1020 343 1079 reddiderat.
376 1019 488 1093 ingenti
510 1034 665 1080 concursu
684 1018 876 1079 deducuntur
896 1017 1043 1093 conplexi
1068 1022 1185 1081 alter
1181 1000 1187 1053 ¹

160 1104 285 1162 alterum
301 1116 369 1162 cnm
384 1118 494 1177 magno
509 1103 622 1177 gaudio
634 1109 802 1162 castrorum
815 1102 1049 1164 commilitones.
1071 1120 1141 1165 con·
1182 1170 1185 1177 ,

159 1185 279 1247 scandit
289 1187 420 1247 tribunal
432 1186 614 1247 lurensPiso
627 1201 663 1245 ac
673 1186 756 1246 iubet
767 1184 837 1245 duci
848 1194 1022 1261 utrumque,
1031 1194 1064 1247 et
1074 1202 1143 1248 enm
1183 1214 1186 1219 ·

130 1270 280 1336 amilitem
296 1271 348 1346 qui
364 1286 425 1330 non
445 1271 601 1332 occiderat
618 1277 648 1329 et
662 1285 730 1330 eum
746 1270 874 1344 quinon
889 1268 1033 1344 perierat.
1065 1269 1143 1345 Quid

159 1353 218 1415 hoc
233 1355 408 1429 indigniust
428 1356 499 1429 quia
513 1371 593 1415 unus
609 1355 758 1413 innocens
773 1353 972 1428 adnexuerat,
993 1353 1059 1415 duo
1074 1368 1142 1430 per

159 1438 253 1497 ibant.
284 1437 354 1498 Piso
376 1438 487 1498 adiecit
508 1444 538 1498 ct
558 1437 687 1499 tertium.
717 1453 786 1497 nam
806 1435 908 1511 ipsum
922 1437 1142 1508 centurionem,

159 1519 212 1595 qui
234 1520 407 1580 damnatum
428 1521 606 1595 reduxerat,
628 1520 698 1579 duci
717 1519 816 1587 iussit
843 1519 997 1580 constituti
1018 1520 1143 1582 suntin

130 1602 266 1671 neodem
279 1603 330 1663 illo
341 1603 410 1663 loco
422 1601 546 1677 perituri
558 1612 621 1664 tres
633 1603 673 1664 ob
684 1603 775 1663 unius
787 1600 1001 1664 innocentiam.
1016 1603 1143 1681 0qnam

159 1685 269 1747 sollers
285 1693 333 1747 est
346 1686 503 1753 iracundia
517 1687 556 1746 ad
571 1686 731 1762 fingendas
748 1702 859 1748 causas
871 1686 997 1746 luroris!
1013 1688 1088 1762 „Te,
1099 1685 1143 1747 iu-

125 1832 128 1836 ,
160 1769 233 1845 quit,
247 1770 318 1830 duci
334 1769 434 1843 iubeo,
451 1770 522 1844 quia
536 1769 698 1830 damnatus
708 1785 753 1830 es.
774 1777 812 1844 te,
828 1770 900 1845 qnia
910 1785 1006 1830 causa
1016 1770 1141 1831 damna·
1186 1796 1187 1813 ι

159 1853 251 1913 tionis
267 1853 462 1914 commilitoni
477 1853 569 1912 luisti.
592 1860 630 1926 te,
647 1854 719 1929 quia
733 1853 839 1914 iussus
855 1853 996 1914 occidere
1010 1854 1142 1930 impera-

158 1937 217 1996 tori
229 1952 290 1995 non
302 1936 461 2011 paruisti.“
475 1936 668 2011 Excogitavit
681 1937 937 2010 quemadmodum
949 1936 1008 1996 tria
1018 1938 1143 1997 crinrina

107 2044 108 2048 ¹
161 2020 288 2092 laceret,
305 2021 378 2094 quia
394 2021 507 2080 nullum
523 2020 688 2080 invenerat.

133 2115 147 2166 1
221 2101 299 2162 XIX.
328 2103 441 2176 Habet,
463 2104 602 2177 inquam,
623 2104 780 2163 iracundia
801 2104 861 2164 hoc
881 2101 968 2162 nrali=
994 2118 1059 2162 non
1079 2103 1143 2164 vult

159 2185 234 2261 regi.
267 2187 407 2247 irascitur
427 2185 547 2248 veritati
568 2185 646 2262 ipsi,
669 2188 696 2246 si
720 2193 826 2247 contra
847 2187 1033 2260 voluptatem
1056 2202 1142 2247 suam

159 2270 309 2346 adparuit.
331 2287 400 2331 cum
411 2273 544 2332 clamore
558 2276 589 2330 et
601 2272 731 2332 tumultu
745 2278 776 2331 et
788 2270 880 2330 totius
892 2270 1035 2344 corporis
1049 2268 1142 2331 iacta·

158 2353 241 2415 tione
257 2372 335 2431 quos
352 2356 529 2429 destinavit,
551 2355 721 2430 insequitur
741 2353 868 2414 adiectis
884 2352 1034 2414 conviciis
1049 2355 1141 2413 male

131 2438 320 2514 edictisque.
342 2440 409 2499 Hoc
424 2456 485 2500 non
501 2439 573 2498 lacit
585 2439 676 2500 ratio:
699 2437 756 2498 sed
770 2437 797 2496 si
811 2438 852 2497 ita
865 2453 946 2513 opus
963 2443 1028 2511 est,
1046 2436 1141 2498 silens

160 2520 324 2595 quietaque
345 2528 424 2581 totas
440 2523 550 2582 domus
565 2521 700 2581 lunditus
716 2520 793 2580 tollit
807 2528 836 2580 et
849 2521 979 2579 familias
993 2519 1141 2595 reipubli-

160 2617 215 2661 cae
230 2603 409 2677 pestilentes
421 2619 490 2664 cum
501 2603 681 2678 coniugibus
693 2618 729 2663 ac
741 2603 844 2662 liberis
856 2604 964 2678 perdit,
980 2610 1062 2666 tecta
1072 2603 1142 2678 ipsa

160 2685 252 2745 diruit
271 2693 301 2744 et
322 2687 389 2745 solo
406 2694 558 2762 exaequat
572 2693 602 2746 et
615 2686 736 2745 inimica
750 2686 878 2747 libertati
893 2687 1018 2747 nomina
1031 2688 1141 2747 exstir-

160 2776 225 2843 pat·
241 2769 301 2828 hoc
316 2785 377 2829 non
393 2770 537 2829 trendens
552 2785 610 2829 nec
624 2777 717 2844 caput
732 2786 885 2845 quassans
902 2785 959 2830 nec
975 2771 1141 2847 quicquam

159 2853 337 2914 indecorum
351 2851 442 2913 iudici
459 2853 582 2926 iaciens,
598 2854 684 2914 cuius
701 2861 762 2913 tum
774 2853 903 2914 maxime
916 2855 1058 2929 placidus
1070 2869 1142 2914 esse

130 2935 251 2998 scebet
271 2937 352 2997 etin
374 2943 455 2996 statu
475 2937 592 3009 voltus,
620 2953 689 2997 cum
711 2953 822 3011 magna
841 2938 1029 3013 pronuntiat.
1063 2937 1172 3014 occid

159 3035 232 3094 opos
246 3027 290 3080 est
296 3018 421 3095 ,inquit
434 3020 656 3098 Hieronymus,
677 3037 744 3082 com
765 3014 836 3081 nelis
855 3022 983 3082 cosdore
1001 3024 1140 3098 aliquem,

159 3109 211 3161 tna
220 3106 309 3177 prius
322 3105 410 3164 labra
423 3100 582 3163 mmdere?
597 3102 688 3177 Quid,
704 3103 731 3162 si
746 3103 796 3162 ille
806 3104 937 3164 vidisset
947 3103 1164 3165 desilientem

160 3185 199 3244 de
222 3185 360 3246 tribunali
382 3186 597 3262 proconsulem
617 3192 648 3246 et
667 3187 768 3247 fasces
790 3187 886 3249 lictori
907 3189 1096 3250 auterentem
1111 3194 1141 3249 et

160 3279 278 3330 suamet
289 3270 468 3330 vestimenta
482 3270 686 3342 scindentem,
703 3270 774 3343 quia
789 3270 904 3331 tardius
920 3271 1141 3355 scindebantur

130 3351 278 3412 lattenaa
299 3354 377 3428 Quid
393 3370 472 3428 opus
488 3359 535 3413 cst
549 3368 685 3412 mensam
700 3360 857 3414 everteret
872 3355 946 3430 quid
961 3357 1076 3430 pocula
1088 3357 1139 3416 ad-

161 3435 288 3510 fligeret
315 3437 389 3513 quid
410 3453 445 3496 se
471 3436 500 3496 in
530 3439 688 3497 columnas
708 3437 887 3512 inpingeret
913 3440 988 3513 quid
1008 3440 1138 3516 capillos
