<?xml version="1.0" encoding="UTF-8"?>
<!DOCTYPE html PUBLIC "-//W3C//DTD XHTML 1.0 Transitional//EN"
    "http://www.w3.org/TR/xhtml1/DTD/xhtml1-transitional.dtd">
<html xmlns="http://www.w3.org/1999/xhtml" xml:lang="en" lang="en">
 <head>
  <title>
</title>
<meta http-equiv="Content-Type" content="text/html;charset=utf-8" />
  <meta name='ocr-system' content='tesseract 3.04.00' />
  <meta name='ocr-capabilities' content='ocr_page ocr_carea ocr_par ocr_line ocrx_word'/>
</head>
<body>
  <div class='ocr_page' id='page_1' title='image "./lannaeisenecaeo03senegoog_0244.png"; bbox 0 0 2378 3856; ppageno 0'>
   <div class='ocr_carea' id='block_1_1' title="bbox 136 215 1050 295">
    <p class='ocr_par' dir='ltr' id='par_1_1' title="bbox 136 215 1050 295">
     <span class='ocr_line' id='line_1_1' title="bbox 136 215 1050 295; baseline 0.014 -21"><span class='ocrx_word' id='word_1_1' title='bbox 136 215 776 280; x_wconf 76' lang='lat' dir='ltr'><strong>ADPOLYBIUMDEOONSOLATIONE.</strong></span> <span class='ocrx_word' id='word_1_2' title='bbox 798 228 878 283; x_wconf 77' lang='lat' dir='ltr'><strong>ulo.</strong></span> <span class='ocrx_word' id='word_1_3' title='bbox 895 227 964 295; x_wconf 78' lang='lat' dir='ltr'><strong>[no]</strong></span> <span class='ocrx_word' id='word_1_4' title='bbox 987 221 1050 287; x_wconf 74' lang='lat'><strong>227</strong></span> 
     </span>
    </p>
   </div>
   <div class='ocr_carea' id='block_1_2' title="bbox 63 365 1122 3542">
    <p class='ocr_par' dir='ltr' id='par_1_2' title="bbox 67 365 1077 1102">
     <span class='ocr_line' id='line_1_2' title="bbox 72 365 1049 444; baseline 0.006 -18"><span class='ocrx_word' id='word_1_5' title='bbox 72 382 139 427; x_wconf 86' lang='lat' dir='ltr'><strong>mas</strong></span> <span class='ocrx_word' id='word_1_6' title='bbox 154 367 245 427; x_wconf 87' lang='lat' dir='ltr'><strong>beato</strong></span> <span class='ocrx_word' id='word_1_7' title='bbox 259 368 367 443; x_wconf 81' lang='lat' dir='ltr'>recipit</span> <span class='ocrx_word' id='word_1_8' title='bbox 381 365 465 440; x_wconf 91' lang='lat' dir='ltr'><strong>sinu,</strong></span> <span class='ocrx_word' id='word_1_9' title='bbox 480 374 511 428; x_wconf 86' lang='lat' dir='ltr'><strong>et</strong></span> <span class='ocrx_word' id='word_1_10' title='bbox 522 382 604 428; x_wconf 91' lang='lat' dir='ltr'><strong>nunc</strong></span> <span class='ocrx_word' id='word_1_11' title='bbox 615 367 676 428; x_wconf 90' lang='lat' dir='ltr'><strong>illic</strong></span> <span class='ocrx_word' id='word_1_12' title='bbox 687 369 782 428; x_wconf 85' lang='lat' dir='ltr'><strong>libere</strong></span> <span class='ocrx_word' id='word_1_13' title='bbox 794 377 922 444; x_wconf 78' lang='lat' dir='ltr'><strong>vagatur</strong></span> <span class='ocrx_word' id='word_1_14' title='bbox 934 371 1049 432; x_wconf 87' lang='lat' dir='ltr'><strong>omnia-</strong></span> 
     </span>
     <span class='ocr_line' id='line_1_3' title="bbox 73 451 1047 529; baseline 0.002 -19"><span class='ocrx_word' id='word_1_15' title='bbox 73 465 134 525; x_wconf 85' lang='lat' dir='ltr'><strong>que</strong></span> <span class='ocrx_word' id='word_1_16' title='bbox 151 464 253 510; x_wconf 88' lang='lat' dir='ltr'><strong>rerum</strong></span> <span class='ocrx_word' id='word_1_17' title='bbox 267 460 394 511; x_wconf 86' lang='lat' dir='ltr'><strong>naturae</strong></span> <span class='ocrx_word' id='word_1_18' title='bbox 408 451 490 513; x_wconf 86' lang='lat' dir='ltr'><strong>bona</strong></span> <span class='ocrx_word' id='word_1_19' title='bbox 506 467 575 511; x_wconf 89' lang='lat' dir='ltr'><strong>cum</strong></span> <span class='ocrx_word' id='word_1_20' title='bbox 590 467 709 512; x_wconf 86' lang='lat' dir='ltr'><strong>summa</strong></span> <span class='ocrx_word' id='word_1_21' title='bbox 723 453 879 528; x_wconf 83' lang='lat' dir='ltr'><strong>voluptate</strong></span> <span class='ocrx_word' id='word_1_22' title='bbox 890 453 1047 529; x_wconf 79' lang='lat' dir='ltr'><strong>perspicit.</strong></span> 
     </span>
     <span class='ocr_line' id='line_1_4' title="bbox 70 533 1045 610; baseline 0.004 -16"><span class='ocrx_word' id='word_1_23' title='bbox 70 541 173 594; x_wconf 75' lang='lat' dir='ltr'><strong>crras=</strong></span> <span class='ocrx_word' id='word_1_24' title='bbox 200 533 416 610; x_wconf 80' lang='lat' dir='ltr'><strong>non&#39;perdidit</strong></span> <span class='ocrx_word' id='word_1_25' title='bbox 435 537 533 596; x_wconf 87' lang='lat' dir='ltr'><strong>lucem</strong></span> <span class='ocrx_word' id='word_1_26' title='bbox 554 536 646 596; x_wconf 81' lang='lat' dir='ltr'><strong>freter</strong></span> <span class='ocrx_word' id='word_1_27' title='bbox 665 542 752 607; x_wconf 88' lang='lat' dir='ltr'><strong>tuus,</strong></span> <span class='ocrx_word' id='word_1_28' title='bbox 780 536 837 596; x_wconf 91' lang='lat' dir='ltr'><strong>sed</strong></span> <span class='ocrx_word' id='word_1_29' title='bbox 858 538 1045 598; x_wconf 82' lang='lat' dir='ltr'><strong>securiorem</strong></span> 
     </span>
     <span class='ocr_line' id='line_1_5' title="bbox 70 615 1077 698; baseline 0.001 -20"><span class='ocrx_word' id='word_1_30' title='bbox 70 619 198 678; x_wconf 88' lang='lat' dir='ltr'><strong>sortitus</strong></span> <span class='ocrx_word' id='word_1_31' title='bbox 214 624 270 678; x_wconf 89' lang='lat' dir='ltr'><strong>est.</strong></span> <span class='ocrx_word' id='word_1_32' title='bbox 309 615 454 679; x_wconf 86' lang='lat' dir='ltr'><strong>Omnibus</strong></span> <span class='ocrx_word' id='word_1_33' title='bbox 468 619 521 678; x_wconf 92' lang='lat' dir='ltr'><strong>illo</strong></span> <span class='ocrx_word' id='word_1_34' title='bbox 535 619 625 679; x_wconf 92' lang='lat' dir='ltr'><strong>nobis</strong></span> <span class='ocrx_word' id='word_1_35' title='bbox 641 634 802 679; x_wconf 92' lang='lat' dir='ltr'><strong>commune</strong></span> <span class='ocrx_word' id='word_1_36' title='bbox 818 627 866 680; x_wconf 93' lang='lat' dir='ltr'><strong>est</strong></span> <span class='ocrx_word' id='word_1_37' title='bbox 879 619 950 681; x_wconf 83' lang='lat' dir='ltr'><strong>iter:</strong></span> <span class='ocrx_word' id='word_1_38' title='bbox 975 622 1077 698; x_wconf 67' lang='lat' dir='ltr'><strong>quide</strong></span> 
     </span>
     <span class='ocr_line' id='line_1_6' title="bbox 70 699 1048 777; baseline 0.004 -17"><span class='ocrx_word' id='word_1_39' title='bbox 70 702 134 761; x_wconf 89' lang='lat' dir='ltr'><strong>lata</strong></span> <span class='ocrx_word' id='word_1_40' title='bbox 160 699 332 762; x_wconf 72' lang='lat' dir='ltr'><strong>deflemus?</strong></span> <span class='ocrx_word' id='word_1_41' title='bbox 364 708 431 761; x_wconf 82' lang='lat' dir='ltr'><strong>&#39;non</strong></span> <span class='ocrx_word' id='word_1_42' title='bbox 461 702 583 777; x_wconf 88' lang='lat' dir='ltr'><strong>reliquit</strong></span> <span class='ocrx_word' id='word_1_43' title='bbox 606 701 657 761; x_wconf 88' lang='lat' dir='ltr'><strong>illc</strong></span> <span class='ocrx_word' id='word_1_44' title='bbox 683 719 756 777; x_wconf 91' lang='lat' dir='ltr'><strong>nos,</strong></span> <span class='ocrx_word' id='word_1_45' title='bbox 790 704 847 763; x_wconf 88' lang='lat' dir='ltr'><strong>sed</strong></span> <span class='ocrx_word' id='word_1_46' title='bbox 873 706 1048 766; x_wconf 85' lang='lat' dir='ltr'><strong>antecessit.</strong></span> 
     </span>
     <span class='ocr_line' id='line_1_7' title="bbox 70 783 1047 863; baseline 0.003 -17"><span class='ocrx_word' id='word_1_47' title='bbox 70 785 140 863; x_wconf 67' lang='lat' dir='ltr'><strong>[itt]</strong></span> <span class='ocrx_word' id='word_1_48' title='bbox 167 783 238 859; x_wconf 86' lang='lat' dir='ltr'><strong>Est,</strong></span> <span class='ocrx_word' id='word_1_49' title='bbox 260 784 461 860; x_wconf 88' lang='lat' dir='ltr'><strong>mihicrede,</strong></span> <span class='ocrx_word' id='word_1_50' title='bbox 482 801 592 860; x_wconf 82' lang='lat' dir='ltr'><strong>magne</strong></span> <span class='ocrx_word' id='word_1_51' title='bbox 612 784 742 846; x_wconf 83' lang='lat' dir='ltr'><strong>felicitas</strong></span> <span class='ocrx_word' id='word_1_52' title='bbox 763 787 793 845; x_wconf 92' lang='lat' dir='ltr'><strong>in</strong></span> <span class='ocrx_word' id='word_1_53' title='bbox 815 787 884 861; x_wconf 87' lang='lat' dir='ltr'><strong>ipsa</strong></span> <span class='ocrx_word' id='word_1_54' title='bbox 904 788 1047 850; x_wconf 88' lang='lat' dir='ltr'><strong>felicitate</strong></span> 
     </span>
     <span class='ocr_line' id='line_1_8' title="bbox 68 866 1047 946; baseline 0.006 -19"><span class='ocrx_word' id='word_1_55' title='bbox 68 867 230 928; x_wconf 87' lang='lat' dir='ltr'><strong>moriendi.</strong></span> <span class='ocrx_word' id='word_1_56' title='bbox 264 868 338 929; x_wconf 89' lang='lat' dir='ltr'><strong>nihil</strong></span> <span class='ocrx_word' id='word_1_57' title='bbox 357 884 397 927; x_wconf 93' lang='lat' dir='ltr'><strong>ne</strong></span> <span class='ocrx_word' id='word_1_58' title='bbox 413 866 445 928; x_wconf 93' lang='lat' dir='ltr'><strong>in</strong></span> <span class='ocrx_word' id='word_1_59' title='bbox 463 875 559 928; x_wconf 87' lang='lat' dir='ltr'><strong>totum</strong></span> <span class='ocrx_word' id='word_1_60' title='bbox 577 869 700 944; x_wconf 89' lang='lat' dir='ltr'><strong>quidem</strong></span> <span class='ocrx_word' id='word_1_61' title='bbox 712 870 792 929; x_wconf 86' lang='lat' dir='ltr'><strong>diem</strong></span> <span class='ocrx_word' id='word_1_62' title='bbox 805 870 878 930; x_wconf 89' lang='lat' dir='ltr'><strong>certi</strong></span> <span class='ocrx_word' id='word_1_63' title='bbox 894 879 955 932; x_wconf 81' lang='lat' dir='ltr'><strong>est:</strong></span> <span class='ocrx_word' id='word_1_64' title='bbox 977 872 1047 946; x_wconf 91' lang='lat' dir='ltr'><strong>quis</strong></span> 
     </span>
     <span class='ocr_line' id='line_1_9' title="bbox 67 952 1048 1029; baseline 0.003 -18"><span class='ocrx_word' id='word_1_65' title='bbox 67 953 100 1011; x_wconf 93' lang='lat' dir='ltr'><strong>in</strong></span> <span class='ocrx_word' id='word_1_66' title='bbox 113 959 176 1011; x_wconf 87' lang='lat' dir='ltr'><strong>tam</strong></span> <span class='ocrx_word' id='word_1_67' title='bbox 190 952 323 1012; x_wconf 84' lang='lat' dir='ltr'><strong>obscura</strong></span> <span class='ocrx_word' id='word_1_68' title='bbox 337 958 367 1012; x_wconf 85' lang='lat' dir='ltr'><strong>et</strong></span> <span class='ocrx_word' id='word_1_69' title='bbox 380 952 517 1012; x_wconf 78' lang='lat' dir='ltr'><strong>involuta</strong></span> <span class='ocrx_word' id='word_1_70' title='bbox 527 952 654 1014; x_wconf 86' lang='lat' dir='ltr'><strong>veritate</strong></span> <span class='ocrx_word' id='word_1_71' title='bbox 666 953 795 1029; x_wconf 85' lang='lat' dir='ltr'><strong>divinat,</strong></span> <span class='ocrx_word' id='word_1_72' title='bbox 813 961 953 1015; x_wconf 88' lang='lat' dir='ltr'><strong>utrumne</strong></span> <span class='ocrx_word' id='word_1_73' title='bbox 964 957 1048 1017; x_wconf 87' lang='lat' dir='ltr'><strong>fratri</strong></span> 
     </span>
     <span class='ocr_line' id='line_1_10' title="bbox 69 1033 830 1102; baseline 0.008 -6"><span class='ocrx_word' id='word_1_74' title='bbox 69 1044 121 1096; x_wconf 91' lang='lat' dir='ltr'><strong>tuo</strong></span> <span class='ocrx_word' id='word_1_75' title='bbox 138 1051 221 1095; x_wconf 88' lang='lat' dir='ltr'><strong>mors</strong></span> <span class='ocrx_word' id='word_1_76' title='bbox 239 1033 382 1096; x_wconf 88' lang='lat' dir='ltr'><strong>inviderit</strong></span> <span class='ocrx_word' id='word_1_77' title='bbox 395 1052 434 1095; x_wconf 89' lang='lat' dir='ltr'><strong>an</strong></span> <span class='ocrx_word' id='word_1_78' title='bbox 449 1037 657 1098; x_wconf 69' lang='lat' dir='ltr'><strong>consuluerit?</strong></span> <span class='ocrx_word' id='word_1_79' title='bbox 826 1096 830 1102; x_wconf 91' lang='lat'>.</span> 
     </span>
    </p>

    <p class='ocr_par' dir='ltr' id='par_1_3' title="bbox 63 1115 1122 3542">
     <span class='ocr_line' id='line_1_11' title="bbox 132 1115 1075 1196; baseline 0.005 -17"><span class='ocrx_word' id='word_1_80' title='bbox 132 1118 168 1179; x_wconf 90' lang='lat' dir='ltr'><strong>X.</strong></span> <span class='ocrx_word' id='word_1_81' title='bbox 196 1118 298 1180; x_wconf 90' lang='lat' dir='ltr'><strong>lllud</strong></span> <span class='ocrx_word' id='word_1_82' title='bbox 326 1135 498 1195; x_wconf 90' lang='lat' dir='ltr'><strong>quoque,</strong></span> <span class='ocrx_word' id='word_1_83' title='bbox 528 1137 590 1196; x_wconf 86' lang='lat' dir='ltr'><strong>que</strong></span> <span class='ocrx_word' id='word_1_84' title='bbox 604 1121 718 1182; x_wconf 85' lang='lat' dir='ltr'><strong>iustitia</strong></span> <span class='ocrx_word' id='word_1_85' title='bbox 738 1121 769 1180; x_wconf 90' lang='lat' dir='ltr'><strong>in</strong></span> <span class='ocrx_word' id='word_1_86' title='bbox 792 1121 932 1181; x_wconf 91' lang='lat' dir='ltr'><strong>omnibus</strong></span> <span class='ocrx_word' id='word_1_87' title='bbox 955 1115 1075 1184; x_wconf 79' lang='lat' dir='ltr'><strong>rebusl</strong></span> 
     </span>
     <span class='ocr_line' id='line_1_12' title="bbox 68 1203 1046 1279; baseline 0.003 -17"><span class='ocrx_word' id='word_1_88' title='bbox 68 1218 119 1275; x_wconf 90' lang='lat' dir='ltr'><strong>cs,</strong></span> <span class='ocrx_word' id='word_1_89' title='bbox 141 1218 306 1270; x_wconf 81' lang='lat' dir='ltr'><strong>necesse</strong></span> <span class='ocrx_word' id='word_1_90' title='bbox 318 1211 386 1263; x_wconf 87' lang='lat' dir='ltr'><strong>est</strong></span> <span class='ocrx_word' id='word_1_91' title='bbox 407 1210 443 1263; x_wconf 88' lang='lat' dir='ltr'><strong>te</strong></span> <span class='ocrx_word' id='word_1_92' title='bbox 464 1203 625 1265; x_wconf 86' lang='lat' dir='ltr'><strong>adiuvet</strong></span> <span class='ocrx_word' id='word_1_93' title='bbox 645 1205 883 1279; x_wconf 79' lang='lat' dir='ltr'><strong>cogitantem</strong></span> <span class='ocrx_word' id='word_1_94' title='bbox 902 1221 974 1266; x_wconf 92' lang='lat' dir='ltr'><strong>non</strong></span> <span class='ocrx_word' id='word_1_95' title='bbox 989 1206 1046 1265; x_wconf 93' lang='lat' dir='ltr'><strong>in-</strong></span> 
     </span>
     <span class='ocr_line' id='line_1_13' title="bbox 67 1285 1046 1362; baseline 0.001 -16"><span class='ocrx_word' id='word_1_96' title='bbox 67 1286 207 1346; x_wconf 85' lang='lat' dir='ltr'><strong>iuriam</strong></span> <span class='ocrx_word' id='word_1_97' title='bbox 232 1285 302 1347; x_wconf 89' lang='lat' dir='ltr'><strong>tibi</strong></span> <span class='ocrx_word' id='word_1_98' title='bbox 328 1288 484 1360; x_wconf 84' lang='lat' dir='ltr'><strong>factam,</strong></span> <span class='ocrx_word' id='word_1_99' title='bbox 512 1286 614 1362; x_wconf 90' lang='lat' dir='ltr'><strong>quod</strong></span> <span class='ocrx_word' id='word_1_100' title='bbox 635 1289 750 1348; x_wconf 81' lang='lat' dir='ltr'><strong>telem</strong></span> <span class='ocrx_word' id='word_1_101' title='bbox 773 1287 933 1346; x_wconf 84' lang='lat' dir='ltr'><strong>fratrem</strong></span> <span class='ocrx_word' id='word_1_102' title='bbox 956 1290 1046 1347; x_wconf 85' lang='lat' dir='ltr'><strong>ami·</strong></span> 
     </span>
     <span class='ocr_line' id='line_1_14' title="bbox 68 1368 1046 1446; baseline 0 -16"><span class='ocrx_word' id='word_1_103' title='bbox 68 1368 177 1443; x_wconf 84' lang='lat' dir='ltr'><strong>sisti,</strong></span> <span class='ocrx_word' id='word_1_104' title='bbox 198 1370 674 1443; x_wconf 85' lang='lat' dir='ltr'><strong>sedbeneliciumdaturu,</strong></span> <span class='ocrx_word' id='word_1_105' title='bbox 698 1371 1046 1446; x_wconf 86' lang='lat' dir='ltr'><strong>quodtumdiutibi</strong></span> 
     </span>
     <span class='ocr_line' id='line_1_15' title="bbox 66 1453 1074 1530; baseline 0.002 -17"><span class='ocrx_word' id='word_1_106' title='bbox 66 1454 323 1530; x_wconf 82' lang='lat' dir='ltr'><strong>pietateeius</strong></span> <span class='ocrx_word' id='word_1_107' title='bbox 344 1455 398 1515; x_wconf 90' lang='lat' dir='ltr'><strong>uti</strong></span> <span class='ocrx_word' id='word_1_108' title='bbox 421 1453 579 1529; x_wconf 84' lang='lat' dir='ltr'><strong>fruique</strong></span> <span class='ocrx_word' id='word_1_109' title='bbox 598 1454 722 1514; x_wconf 89' lang='lat' dir='ltr'><strong>licuit.</strong></span> <span class='ocrx_word' id='word_1_110' title='bbox 766 1454 894 1529; x_wconf 90' lang='lat' dir='ltr'><strong>Iniquus</strong></span> <span class='ocrx_word' id='word_1_111' title='bbox 910 1463 971 1528; x_wconf 89' lang='lat' dir='ltr'><strong>est,</strong></span> <span class='ocrx_word' id='word_1_112' title='bbox 993 1455 1074 1530; x_wconf 74' lang='lat' dir='ltr'><strong>quit</strong></span> 
     </span>
     <span class='ocr_line' id='line_1_16' title="bbox 67 1536 1045 1615; baseline 0.003 -17"><span class='ocrx_word' id='word_1_113' title='bbox 67 1537 205 1598; x_wconf 89' lang='lat' dir='ltr'><strong>muneris</strong></span> <span class='ocrx_word' id='word_1_114' title='bbox 218 1538 266 1598; x_wconf 91' lang='lat' dir='ltr'><strong>sul</strong></span> <span class='ocrx_word' id='word_1_115' title='bbox 278 1538 434 1598; x_wconf 83' lang='lat' dir='ltr'><strong>arbitrium</strong></span> <span class='ocrx_word' id='word_1_116' title='bbox 446 1536 529 1597; x_wconf 87' lang='lat' dir='ltr'><strong>danti</strong></span> <span class='ocrx_word' id='word_1_117' title='bbox 539 1554 600 1597; x_wconf 90' lang='lat' dir='ltr'><strong>non</strong></span> <span class='ocrx_word' id='word_1_118' title='bbox 612 1538 765 1613; x_wconf 87' lang='lat' dir='ltr'><strong>relinquit,</strong></span> <span class='ocrx_word' id='word_1_119' title='bbox 780 1537 904 1612; x_wconf 83' lang='lat' dir='ltr'><strong>avidus,</strong></span> <span class='ocrx_word' id='word_1_120' title='bbox 920 1539 1045 1615; x_wconf 91' lang='lat' dir='ltr'><strong>quinon</strong></span> 
     </span>
     <span class='ocr_line' id='line_1_17' title="bbox 66 1621 1045 1697; baseline 0 -16"><span class='ocrx_word' id='word_1_121' title='bbox 66 1623 146 1682; x_wconf 90' lang='lat' dir='ltr'><strong>lueri</strong></span> <span class='ocrx_word' id='word_1_122' title='bbox 160 1621 230 1682; x_wconf 91' lang='lat' dir='ltr'><strong>loco</strong></span> <span class='ocrx_word' id='word_1_123' title='bbox 241 1621 348 1697; x_wconf 89' lang='lat' dir='ltr'><strong>habet,</strong></span> <span class='ocrx_word' id='word_1_124' title='bbox 365 1622 450 1697; x_wconf 92' lang='lat' dir='ltr'><strong>quod</strong></span> <span class='ocrx_word' id='word_1_125' title='bbox 466 1622 593 1696; x_wconf 84' lang='lat' dir='ltr'><strong>accepit,</strong></span> <span class='ocrx_word' id='word_1_126' title='bbox 609 1621 665 1682; x_wconf 88' lang='lat' dir='ltr'><strong>sed</strong></span> <span class='ocrx_word' id='word_1_127' title='bbox 680 1622 790 1694; x_wconf 88' lang='lat' dir='ltr'><strong>damni,</strong></span> <span class='ocrx_word' id='word_1_128' title='bbox 808 1623 892 1696; x_wconf 93' lang='lat' dir='ltr'><strong>quod</strong></span> <span class='ocrx_word' id='word_1_129' title='bbox 902 1623 1045 1683; x_wconf 88' lang='lat' dir='ltr'><strong>reddidit.</strong></span> 
     </span>
     <span class='ocr_line' id='line_1_18' title="bbox 66 1704 1044 1780; baseline 0.001 -16"><span class='ocrx_word' id='word_1_130' title='bbox 66 1707 204 1780; x_wconf 83' lang='lat' dir='ltr'><strong>ingratus</strong></span> <span class='ocrx_word' id='word_1_131' title='bbox 220 1712 282 1779; x_wconf 87' lang='lat' dir='ltr'><strong>cst,</strong></span> <span class='ocrx_word' id='word_1_132' title='bbox 299 1707 351 1779; x_wconf 90' lang='lat' dir='ltr'><strong>qui</strong></span> <span class='ocrx_word' id='word_1_133' title='bbox 365 1704 504 1765; x_wconf 86' lang='lat' dir='ltr'><strong>iniuriam</strong></span> <span class='ocrx_word' id='word_1_134' title='bbox 520 1712 611 1766; x_wconf 87' lang='lat' dir='ltr'><strong>vocat</strong></span> <span class='ocrx_word' id='word_1_135' title='bbox 623 1706 715 1765; x_wconf 87' lang='lat' dir='ltr'><strong>finem</strong></span> <span class='ocrx_word' id='word_1_136' title='bbox 727 1706 908 1780; x_wconf 86' lang='lat' dir='ltr'><strong>voluptatis,</strong></span> <span class='ocrx_word' id='word_1_137' title='bbox 925 1709 1044 1778; x_wconf 87' lang='lat' dir='ltr'><strong>stultus,</strong></span> 
     </span>
     <span class='ocr_line' id='line_1_19' title="bbox 68 1788 1045 1864; baseline -0.001 -15"><span class='ocrx_word' id='word_1_138' title='bbox 68 1789 122 1863; x_wconf 86' lang='lat' dir='ltr'><strong>qui</strong></span> <span class='ocrx_word' id='word_1_139' title='bbox 136 1790 251 1848; x_wconf 87' lang='lat' dir='ltr'><strong>nullum</strong></span> <span class='ocrx_word' id='word_1_140' title='bbox 266 1788 396 1850; x_wconf 87' lang='lat' dir='ltr'><strong>fructum</strong></span> <span class='ocrx_word' id='word_1_141' title='bbox 413 1805 484 1849; x_wconf 88' lang='lat' dir='ltr'><strong>esse</strong></span> <span class='ocrx_word' id='word_1_142' title='bbox 497 1796 584 1864; x_wconf 85' lang='lat' dir='ltr'><strong>putat</strong></span> <span class='ocrx_word' id='word_1_143' title='bbox 594 1790 745 1850; x_wconf 90' lang='lat' dir='ltr'><strong>bonorum</strong></span> <span class='ocrx_word' id='word_1_144' title='bbox 757 1791 816 1849; x_wconf 91' lang='lat' dir='ltr'><strong>nisi</strong></span> <span class='ocrx_word' id='word_1_145' title='bbox 829 1791 1045 1864; x_wconf 82' lang='lat' dir='ltr'><strong>praesentium,</strong></span> 
     </span>
     <span class='ocr_line' id='line_1_20' title="bbox 72 1872 1043 1952; baseline 0.003 -21"><span class='ocrx_word' id='word_1_146' title='bbox 72 1872 122 1947; x_wconf 85' lang='lat' dir='ltr'><strong>qui</strong></span> <span class='ocrx_word' id='word_1_147' title='bbox 137 1887 199 1931; x_wconf 90' lang='lat' dir='ltr'><strong>non</strong></span> <span class='ocrx_word' id='word_1_148' title='bbox 215 1878 245 1931; x_wconf 88' lang='lat' dir='ltr'><strong>et</strong></span> <span class='ocrx_word' id='word_1_149' title='bbox 259 1872 290 1929; x_wconf 91' lang='lat' dir='ltr'><strong>in</strong></span> <span class='ocrx_word' id='word_1_150' title='bbox 305 1872 476 1952; x_wconf 84' lang='lat' dir='ltr'><strong>praeteritis</strong></span> <span class='ocrx_word' id='word_1_151' title='bbox 493 1873 666 1948; x_wconf 85' lang='lat' dir='ltr'><strong>adquiescit</strong></span> <span class='ocrx_word' id='word_1_152' title='bbox 681 1880 710 1933; x_wconf 88' lang='lat' dir='ltr'><strong>et</strong></span> <span class='ocrx_word' id='word_1_153' title='bbox 724 1889 762 1932; x_wconf 85' lang='lat' dir='ltr'><strong>ea</strong></span> <span class='ocrx_word' id='word_1_154' title='bbox 775 1873 890 1933; x_wconf 83' lang='lat' dir='ltr'><strong>iudicat</strong></span> <span class='ocrx_word' id='word_1_155' title='bbox 904 1875 1043 1948; x_wconf 85' lang='lat' dir='ltr'><strong>certiora,</strong></span> 
     </span>
     <span class='ocr_line' id='line_1_21' title="bbox 69 1953 1042 2030; baseline 0.003 -16"><span class='ocrx_word' id='word_1_156' title='bbox 69 1970 149 2030; x_wconf 85' lang='lat' dir='ltr'><strong>quae</strong></span> <span class='ocrx_word' id='word_1_157' title='bbox 170 1953 324 2028; x_wconf 84' lang='lat' dir='ltr'><strong>abierunt,</strong></span> <span class='ocrx_word' id='word_1_158' title='bbox 349 1956 421 2030; x_wconf 86' lang='lat' dir='ltr'><strong>quia</strong></span> <span class='ocrx_word' id='word_1_159' title='bbox 441 1955 480 2014; x_wconf 93' lang='lat' dir='ltr'><strong>de</strong></span> <span class='ocrx_word' id='word_1_160' title='bbox 500 1956 559 2017; x_wconf 91' lang='lat' dir='ltr'><strong>illis</strong></span> <span class='ocrx_word' id='word_1_161' title='bbox 582 1973 620 2015; x_wconf 91' lang='lat' dir='ltr'><strong>ne</strong></span> <span class='ocrx_word' id='word_1_162' title='bbox 642 1958 784 2018; x_wconf 84' lang='lat' dir='ltr'><strong>desinant</strong></span> <span class='ocrx_word' id='word_1_163' title='bbox 798 1973 859 2018; x_wconf 94' lang='lat' dir='ltr'><strong>non</strong></span> <span class='ocrx_word' id='word_1_164' title='bbox 876 1965 923 2019; x_wconf 88' lang='lat' dir='ltr'><strong>est</strong></span> <span class='ocrx_word' id='word_1_165' title='bbox 937 1959 1042 2020; x_wconf 88' lang='lat' dir='ltr'><strong>timen-</strong></span> 
     </span>
     <span class='ocr_line' id='line_1_22' title="bbox 67 2038 1073 2116; baseline 0.006 -18"><span class='ocrx_word' id='word_1_166' title='bbox 67 2039 150 2098; x_wconf 90' lang='lat' dir='ltr'><strong>dum.</strong></span> <span class='ocrx_word' id='word_1_167' title='bbox 190 2038 289 2098; x_wconf 50' lang='lat' dir='ltr'><strong>Nimis¹</strong></span> <span class='ocrx_word' id='word_1_168' title='bbox 307 2046 448 2113; x_wconf 81' lang='lat' dir='ltr'><strong>angustat</strong></span> <span class='ocrx_word' id='word_1_169' title='bbox 466 2041 579 2113; x_wconf 82' lang='lat' dir='ltr'><strong>gaudia</strong></span> <span class='ocrx_word' id='word_1_170' title='bbox 601 2056 672 2116; x_wconf 85' lang='lat' dir='ltr'><strong>sue,</strong></span> <span class='ocrx_word' id='word_1_171' title='bbox 694 2043 746 2116; x_wconf 92' lang='lat' dir='ltr'><strong>qui</strong></span> <span class='ocrx_word' id='word_1_172' title='bbox 765 2043 810 2102; x_wconf 88' lang='lat' dir='ltr'><strong>eis</strong></span> <span class='ocrx_word' id='word_1_173' title='bbox 825 2041 1073 2115; x_wconf 80' lang='lat' dir='ltr'><strong>tantummodo,3</strong></span> 
     </span>
     <span class='ocr_line' id='line_1_23' title="bbox 69 2121 1043 2198; baseline 0.003 -17"><span class='ocrx_word' id='word_1_174' title='bbox 69 2137 149 2196; x_wconf 85' lang='lat' dir='ltr'><strong>quae</strong></span> <span class='ocrx_word' id='word_1_175' title='bbox 162 2121 253 2182; x_wconf 89' lang='lat' dir='ltr'><strong>habet</strong></span> <span class='ocrx_word' id='word_1_176' title='bbox 268 2139 303 2182; x_wconf 86' lang='lat' dir='ltr'><strong>ac</strong></span> <span class='ocrx_word' id='word_1_177' title='bbox 317 2123 414 2195; x_wconf 88' lang='lat' dir='ltr'><strong>videt,</strong></span> <span class='ocrx_word' id='word_1_178' title='bbox 431 2123 489 2181; x_wconf 83' lang='lat' dir='ltr'><strong>frui</strong></span> <span class='ocrx_word' id='word_1_179' title='bbox 505 2137 540 2181; x_wconf 89' lang='lat' dir='ltr'><strong>se</strong></span> <span class='ocrx_word' id='word_1_180' title='bbox 553 2131 640 2198; x_wconf 85' lang='lat' dir='ltr'><strong>putat</strong></span> <span class='ocrx_word' id='word_1_181' title='bbox 656 2130 686 2183; x_wconf 92' lang='lat' dir='ltr'><strong>et</strong></span> <span class='ocrx_word' id='word_1_182' title='bbox 699 2124 847 2185; x_wconf 84' lang='lat' dir='ltr'><strong>habuisse</strong></span> <span class='ocrx_word' id='word_1_183' title='bbox 863 2124 970 2183; x_wconf 86' lang='lat' dir='ltr'><strong>eadem</strong></span> <span class='ocrx_word' id='word_1_184' title='bbox 987 2141 1043 2198; x_wconf 92' lang='lat' dir='ltr'><strong>pro</strong></span> 
     </span>
     <span class='ocr_line' id='line_1_24' title="bbox 66 2203 1044 2282; baseline 0.002 -18"><span class='ocrx_word' id='word_1_185' title='bbox 66 2203 162 2265; x_wconf 90' lang='lat' dir='ltr'><strong>nihilo</strong></span> <span class='ocrx_word' id='word_1_186' title='bbox 180 2206 270 2267; x_wconf 90' lang='lat' dir='ltr'><strong>ducit.</strong></span> <span class='ocrx_word' id='word_1_187' title='bbox 292 2207 351 2267; x_wconf 90' lang='lat' dir='ltr'><strong>cito</strong></span> <span class='ocrx_word' id='word_1_188' title='bbox 363 2206 442 2265; x_wconf 92' lang='lat' dir='ltr'><strong>euim</strong></span> <span class='ocrx_word' id='word_1_189' title='bbox 454 2221 511 2266; x_wconf 91' lang='lat' dir='ltr'><strong>nos</strong></span> <span class='ocrx_word' id='word_1_190' title='bbox 524 2207 624 2267; x_wconf 90' lang='lat' dir='ltr'><strong>omnis</strong></span> <span class='ocrx_word' id='word_1_191' title='bbox 636 2207 777 2281; x_wconf 85' lang='lat' dir='ltr'><strong>voluptas</strong></span> <span class='ocrx_word' id='word_1_192' title='bbox 789 2206 948 2282; x_wconf 83' lang='lat' dir='ltr'><strong>relinquit,</strong></span> <span class='ocrx_word' id='word_1_193' title='bbox 964 2223 1044 2282; x_wconf 87' lang='lat' dir='ltr'><strong>quae</strong></span> 
     </span>
     <span class='ocr_line' id='line_1_25' title="bbox 66 2287 1043 2364; baseline 0.001 -16"><span class='ocrx_word' id='word_1_194' title='bbox 66 2287 135 2348; x_wconf 82' lang='lat' dir='ltr'><strong>fluit</strong></span> <span class='ocrx_word' id='word_1_195' title='bbox 149 2295 179 2347; x_wconf 89' lang='lat' dir='ltr'><strong>et</strong></span> <span class='ocrx_word' id='word_1_196' title='bbox 192 2290 300 2350; x_wconf 86' lang='lat' dir='ltr'><strong>transit</strong></span> <span class='ocrx_word' id='word_1_197' title='bbox 315 2299 345 2350; x_wconf 93' lang='lat' dir='ltr'><strong>et</strong></span> <span class='ocrx_word' id='word_1_198' title='bbox 359 2304 459 2364; x_wconf 87' lang='lat' dir='ltr'><strong>paene</strong></span> <span class='ocrx_word' id='word_1_199' title='bbox 474 2297 637 2364; x_wconf 84' lang='lat' dir='ltr'><strong>antequam</strong></span> <span class='ocrx_word' id='word_1_200' title='bbox 652 2288 754 2350; x_wconf 85' lang='lat' dir='ltr'><strong>veniat</strong></span> <span class='ocrx_word' id='word_1_201' title='bbox 769 2292 912 2351; x_wconf 84' lang='lat' dir='ltr'><strong>aufertur.</strong></span> <span class='ocrx_word' id='word_1_202' title='bbox 940 2290 1043 2364; x_wconf 87' lang='lat' dir='ltr'><strong>itaque</strong></span> 
     </span>
     <span class='ocr_line' id='line_1_26' title="bbox 66 2370 1043 2449; baseline 0.004 -19"><span class='ocrx_word' id='word_1_203' title='bbox 66 2371 98 2430; x_wconf 92' lang='lat' dir='ltr'><strong>in</strong></span> <span class='ocrx_word' id='word_1_204' title='bbox 118 2373 313 2446; x_wconf 84' lang='lat' dir='ltr'><strong>praeteritum</strong></span> <span class='ocrx_word' id='word_1_205' title='bbox 332 2380 453 2447; x_wconf 88' lang='lat' dir='ltr'><strong>tempus</strong></span> <span class='ocrx_word' id='word_1_206' title='bbox 474 2373 592 2433; x_wconf 86' lang='lat' dir='ltr'><strong>animus</strong></span> <span class='ocrx_word' id='word_1_207' title='bbox 609 2372 773 2433; x_wconf 87' lang='lat' dir='ltr'><strong>mittendus</strong></span> <span class='ocrx_word' id='word_1_208' title='bbox 789 2381 880 2433; x_wconf 88' lang='lat' dir='ltr'><strong>estet</strong></span> <span class='ocrx_word' id='word_1_209' title='bbox 895 2370 1043 2449; x_wconf 90' lang='lat' dir='ltr'><strong>quicquid</strong></span> 
     </span>
     <span class='ocr_line' id='line_1_27' title="bbox 66 2456 1041 2532; baseline 0 -17"><span class='ocrx_word' id='word_1_210' title='bbox 66 2471 126 2515; x_wconf 91' lang='lat' dir='ltr'><strong>nos</strong></span> <span class='ocrx_word' id='word_1_211' title='bbox 148 2472 293 2530; x_wconf 86' lang='lat' dir='ltr'><strong>umquam</strong></span> <span class='ocrx_word' id='word_1_212' title='bbox 313 2456 489 2530; x_wconf 86' lang='lat' dir='ltr'><strong>delectavit,</strong></span> <span class='ocrx_word' id='word_1_213' title='bbox 511 2457 721 2517; x_wconf 86' lang='lat' dir='ltr'><strong>reducendum</strong></span> <span class='ocrx_word' id='word_1_214' title='bbox 738 2473 775 2517; x_wconf 86' lang='lat' dir='ltr'><strong>aa</strong></span> <span class='ocrx_word' id='word_1_215' title='bbox 790 2457 941 2531; x_wconf 84' lang='lat' dir='ltr'><strong>frequenti</strong></span> <span class='ocrx_word' id='word_1_216' title='bbox 959 2458 1041 2532; x_wconf 81' lang='lat' dir='ltr'><strong>cogi·</strong></span> 
     </span>
     <span class='ocr_line' id='line_1_28' title="bbox 66 2539 1041 2616; baseline 0.002 -18"><span class='ocrx_word' id='word_1_217' title='bbox 66 2539 181 2599; x_wconf 86' lang='lat' dir='ltr'><strong>tatione</strong></span> <span class='ocrx_word' id='word_1_218' title='bbox 205 2541 449 2614; x_wconf 84' lang='lat' dir='ltr'><strong>pertractandum</strong></span> <span class='ocrx_word' id='word_1_219' title='bbox 472 2548 527 2600; x_wconf 90' lang='lat' dir='ltr'><strong>est.</strong></span> <span class='ocrx_word' id='word_1_220' title='bbox 563 2541 699 2616; x_wconf 82' lang='lat' dir='ltr'><strong>Longior</strong></span> <span class='ocrx_word' id='word_1_221' title='bbox 719 2541 902 2616; x_wconf 89' lang='lat' dir='ltr'><strong>fideliorque</strong></span> <span class='ocrx_word' id='word_1_222' title='bbox 917 2549 965 2600; x_wconf 89' lang='lat' dir='ltr'><strong>est</strong></span> <span class='ocrx_word' id='word_1_223' title='bbox 979 2557 1041 2600; x_wconf 86' lang='lat' dir='ltr'><strong>me-</strong></span> 
     </span>
     <span class='ocr_line' id='line_1_29' title="bbox 65 2623 1071 2700; baseline 0 -18"><span class='ocrx_word' id='word_1_224' title='bbox 65 2623 163 2684; x_wconf 89' lang='lat' dir='ltr'><strong>moria</strong></span> <span class='ocrx_word' id='word_1_225' title='bbox 179 2625 383 2698; x_wconf 87' lang='lat' dir='ltr'><strong>voluptatum,</strong></span> <span class='ocrx_word' id='word_1_226' title='bbox 406 2640 496 2699; x_wconf 84' lang='lat' dir='ltr'><strong>quem</strong></span> <span class='ocrx_word' id='word_1_227' title='bbox 508 2625 691 2699; x_wconf 84' lang='lat' dir='ltr'><strong>praesentio.</strong></span> <span class='ocrx_word' id='word_1_228' title='bbox 726 2625 814 2699; x_wconf 81' lang='lat' dir='ltr'><strong>Quod</strong></span> <span class='ocrx_word' id='word_1_229' title='bbox 823 2624 957 2685; x_wconf 84' lang='lat' dir='ltr'><strong>habuisti</strong></span> <span class='ocrx_word' id='word_1_230' title='bbox 969 2629 1071 2700; x_wconf 69' lang='lat' dir='ltr'><strong>ergon</strong></span> 
     </span>
     <span class='ocr_line' id='line_1_30' title="bbox 67 2707 1041 2784; baseline 0 -17"><span class='ocrx_word' id='word_1_231' title='bbox 67 2707 214 2782; x_wconf 91' lang='lat' dir='ltr'><strong>optimum</strong></span> <span class='ocrx_word' id='word_1_232' title='bbox 235 2707 373 2782; x_wconf 85' lang='lat' dir='ltr'><strong>fratrem,</strong></span> <span class='ocrx_word' id='word_1_233' title='bbox 395 2707 425 2766; x_wconf 90' lang='lat' dir='ltr'><strong>iu</strong></span> <span class='ocrx_word' id='word_1_234' title='bbox 441 2707 569 2768; x_wconf 91' lang='lat' dir='ltr'><strong>summis</strong></span> <span class='ocrx_word' id='word_1_235' title='bbox 584 2709 673 2769; x_wconf 87' lang='lat' dir='ltr'><strong>bouis</strong></span> <span class='ocrx_word' id='word_1_236' title='bbox 687 2725 778 2783; x_wconf 90' lang='lat' dir='ltr'><strong>pone.</strong></span> <span class='ocrx_word' id='word_1_237' title='bbox 812 2709 879 2767; x_wconf 91' lang='lat' dir='ltr'><strong>Nou</strong></span> <span class='ocrx_word' id='word_1_238' title='bbox 894 2709 1041 2784; x_wconf 88' lang='lat' dir='ltr'><strong>estquod</strong></span> 
     </span>
     <span class='ocr_line' id='line_1_31' title="bbox 66 2791 1041 2867; baseline -0.003 -15"><span class='ocrx_word' id='word_1_239' title='bbox 66 2792 197 2865; x_wconf 84' lang='lat' dir='ltr'><strong>cogites,</strong></span> <span class='ocrx_word' id='word_1_240' title='bbox 228 2797 340 2864; x_wconf 84' lang='lat' dir='ltr'><strong>quanto</strong></span> <span class='ocrx_word' id='word_1_241' title='bbox 367 2791 478 2851; x_wconf 88' lang='lat' dir='ltr'><strong>diutius</strong></span> <span class='ocrx_word' id='word_1_242' title='bbox 499 2791 612 2850; x_wconf 89' lang='lat' dir='ltr'><strong>habere</strong></span> <span class='ocrx_word' id='word_1_243' title='bbox 634 2793 787 2867; x_wconf 77' lang='lat' dir='ltr'><strong>pomerio,</strong></span> <span class='ocrx_word' id='word_1_244' title='bbox 817 2792 875 2850; x_wconf 86' lang='lat' dir='ltr'><strong>sed</strong></span> <span class='ocrx_word' id='word_1_245' title='bbox 897 2792 1041 2864; x_wconf 85' lang='lat' dir='ltr'><strong>quamdiu</strong></span> 
     </span>
     <span class='ocr_line' id='line_1_32' title="bbox 64 2872 1122 2947; baseline -0.002 -14"><span class='ocrx_word' id='word_1_246' title='bbox 64 2872 219 2934; x_wconf 84' lang='lat' dir='ltr'><strong>habueris.</strong></span> <span class='ocrx_word' id='word_1_247' title='bbox 256 2873 370 2932; x_wconf 87' lang='lat' dir='ltr'><strong>Rerum</strong></span> <span class='ocrx_word' id='word_1_248' title='bbox 388 2882 496 2933; x_wconf 88' lang='lat' dir='ltr'><strong>natura</strong></span> <span class='ocrx_word' id='word_1_249' title='bbox 510 2874 594 2932; x_wconf 93' lang='lat' dir='ltr'><strong>illum</strong></span> <span class='ocrx_word' id='word_1_250' title='bbox 608 2874 661 2933; x_wconf 91' lang='lat' dir='ltr'><strong>tibi</strong></span> <span class='ocrx_word' id='word_1_251' title='bbox 679 2875 758 2933; x_wconf 90' lang='lat' dir='ltr'><strong>sicut</strong></span> <span class='ocrx_word' id='word_1_252' title='bbox 772 2872 882 2931; x_wconf 88' lang='lat' dir='ltr'><strong>ceteris</strong></span> <span class='ocrx_word' id='word_1_253' title='bbox 898 2872 1040 2931; x_wconf 85' lang='lat' dir='ltr'><strong>fratribus</strong></span> <span class='ocrx_word' id='word_1_254' title='bbox 1119 2942 1122 2947; x_wconf 22' lang='lat'>¹</span> 
     </span>
     <span class='ocr_line' id='line_1_33' title="bbox 65 2954 1040 3029; baseline -0.007 -10"><span class='ocrx_word' id='word_1_255' title='bbox 65 2959 132 3019; x_wconf 91' lang='lat' dir='ltr'><strong>suis</strong></span> <span class='ocrx_word' id='word_1_256' title='bbox 153 2971 215 3014; x_wconf 91' lang='lat' dir='ltr'><strong>non</strong></span> <span class='ocrx_word' id='word_1_257' title='bbox 236 2954 389 3029; x_wconf 86' lang='lat' dir='ltr'><strong>mancipio</strong></span> <span class='ocrx_word' id='word_1_258' title='bbox 411 2954 590 3028; x_wconf 83' lang='lat' dir='ltr'><strong>dedit,&#39;sed</strong></span> <span class='ocrx_word' id='word_1_259' title='bbox 610 2955 829 3015; x_wconf 81' lang='lat' dir='ltr'><strong>commodavit:</strong></span> <span class='ocrx_word' id='word_1_260' title='bbox 856 2968 925 3012; x_wconf 89' lang='lat' dir='ltr'><strong>cum</strong></span> <span class='ocrx_word' id='word_1_261' title='bbox 940 2955 1040 3014; x_wconf 87' lang='lat' dir='ltr'><strong>visum</strong></span> 
     </span>
     <span class='ocr_line' id='line_1_34' title="bbox 66 3037 1039 3113; baseline -0.004 -13"><span class='ocrx_word' id='word_1_262' title='bbox 66 3050 114 3102; x_wconf 87' lang='lat' dir='ltr'><strong>est</strong></span> <span class='ocrx_word' id='word_1_263' title='bbox 129 3038 255 3113; x_wconf 88' lang='lat' dir='ltr'><strong>deinde,</strong></span> <span class='ocrx_word' id='word_1_264' title='bbox 277 3037 399 3112; x_wconf 87' lang='lat' dir='ltr'><strong>repetiit</strong></span> <span class='ocrx_word' id='word_1_265' title='bbox 410 3052 467 3097; x_wconf 89' lang='lat' dir='ltr'><strong>nec</strong></span> <span class='ocrx_word' id='word_1_266' title='bbox 483 3044 565 3098; x_wconf 85' lang='lat' dir='ltr'><strong>tuam</strong></span> <span class='ocrx_word' id='word_1_267' title='bbox 579 3038 610 3096; x_wconf 93' lang='lat' dir='ltr'><strong>in</strong></span> <span class='ocrx_word' id='word_1_268' title='bbox 624 3054 661 3099; x_wconf 91' lang='lat' dir='ltr'><strong>eo</strong></span> <span class='ocrx_word' id='word_1_269' title='bbox 677 3037 846 3098; x_wconf 82' lang='lat' dir='ltr'><strong>satietatem</strong></span> <span class='ocrx_word' id='word_1_270' title='bbox 861 3045 967 3099; x_wconf 85' lang='lat' dir='ltr'><strong>secute</strong></span> <span class='ocrx_word' id='word_1_271' title='bbox 983 3047 1039 3113; x_wconf 87' lang='lat' dir='ltr'><strong>est,</strong></span> 
     </span>
     <span class='ocr_line' id='line_1_35' title="bbox 64 3120 1068 3198; baseline -0.002 -13"><span class='ocrx_word' id='word_1_272' title='bbox 64 3125 123 3185; x_wconf 93' lang='lat' dir='ltr'><strong>sed</strong></span> <span class='ocrx_word' id='word_1_273' title='bbox 137 3139 224 3184; x_wconf 84' lang='lat' dir='ltr'><strong>sunm</strong></span> <span class='ocrx_word' id='word_1_274' title='bbox 238 3124 347 3197; x_wconf 81' lang='lat' dir='ltr'><strong>legem.</strong></span> <span class='ocrx_word' id='word_1_275' title='bbox 384 3120 416 3182; x_wconf 89' lang='lat' dir='ltr'><strong>Si</strong></span> <span class='ocrx_word' id='word_1_276' title='bbox 431 3121 500 3198; x_wconf 91' lang='lat' dir='ltr'><strong>quis</strong></span> <span class='ocrx_word' id='word_1_277' title='bbox 519 3122 680 3197; x_wconf 86' lang='lat' dir='ltr'><strong>pecuniam</strong></span> <span class='ocrx_word' id='word_1_278' title='bbox 699 3122 844 3183; x_wconf 87' lang='lat' dir='ltr'><strong>creditam</strong></span> <span class='ocrx_word' id='word_1_279' title='bbox 861 3122 995 3184; x_wconf 88' lang='lat' dir='ltr'><strong>solvisse</strong></span> <span class='ocrx_word' id='word_1_280' title='bbox 1006 3132 1068 3183; x_wconf 76' lang='lat' dir='ltr'><strong>ses</strong></span> 
     </span>
     <span class='ocr_line' id='line_1_36' title="bbox 63 3205 1038 3282; baseline -0.003 -13"><span class='ocrx_word' id='word_1_281' title='bbox 63 3209 193 3269; x_wconf 87' lang='lat' dir='ltr'><strong>moleste</strong></span> <span class='ocrx_word' id='word_1_282' title='bbox 207 3209 298 3280; x_wconf 88' lang='lat' dir='ltr'><strong>feret,</strong></span> <span class='ocrx_word' id='word_1_283' title='bbox 316 3221 382 3267; x_wconf 85' lang='lat' dir='ltr'><strong>eam</strong></span> <span class='ocrx_word' id='word_1_284' title='bbox 398 3205 592 3282; x_wconf 86' lang='lat' dir='ltr'><strong>praesertim,</strong></span> <span class='ocrx_word' id='word_1_285' title='bbox 608 3208 695 3267; x_wconf 91' lang='lat' dir='ltr'><strong>cuius</strong></span> <span class='ocrx_word' id='word_1_286' title='bbox 710 3223 799 3268; x_wconf 89' lang='lat' dir='ltr'><strong>usum</strong></span> <span class='ocrx_word' id='word_1_287' title='bbox 814 3206 975 3282; x_wconf 84' lang='lat' dir='ltr'><strong>gratuitum</strong></span> <span class='ocrx_word' id='word_1_288' title='bbox 989 3222 1038 3266; x_wconf 88' lang='lat' dir='ltr'><strong>ac-</strong></span> 
     </span>
     <span class='ocr_line' id='line_1_37' title="bbox 64 3289 1039 3367; baseline -0.007 -13"><span class='ocrx_word' id='word_1_289' title='bbox 64 3293 195 3367; x_wconf 87' lang='lat' dir='ltr'><strong>ceperit,</strong></span> <span class='ocrx_word' id='word_1_290' title='bbox 213 3307 315 3353; x_wconf 87' lang='lat' dir='ltr'><strong>nonne</strong></span> <span class='ocrx_word' id='word_1_291' title='bbox 330 3289 460 3352; x_wconf 91' lang='lat' dir='ltr'><strong>iniustus</strong></span> <span class='ocrx_word' id='word_1_292' title='bbox 475 3290 522 3350; x_wconf 89' lang='lat' dir='ltr'><strong>vir</strong></span> <span class='ocrx_word' id='word_1_293' title='bbox 536 3290 703 3353; x_wconf 72' lang='lat' dir='ltr'><strong>habeatur?</strong></span> <span class='ocrx_word' id='word_1_294' title='bbox 728 3290 818 3353; x_wconf 87' lang='lat' dir='ltr'><strong>Dedit</strong></span> <span class='ocrx_word' id='word_1_295' title='bbox 832 3297 941 3351; x_wconf 85' lang='lat' dir='ltr'><strong>natura</strong></span> <span class='ocrx_word' id='word_1_296' title='bbox 956 3290 1039 3350; x_wconf 85' lang='lat' dir='ltr'><strong>fratri</strong></span> 
     </span>
     <span class='ocr_line' id='line_1_38' title="bbox 63 3372 1037 3451; baseline -0.008 -12"><span class='ocrx_word' id='word_1_297' title='bbox 63 3387 115 3441; x_wconf 91' lang='lat' dir='ltr'><strong>tuo</strong></span> <span class='ocrx_word' id='word_1_298' title='bbox 132 3377 238 3450; x_wconf 86' lang='lat' dir='ltr'><strong>vitam,</strong></span> <span class='ocrx_word' id='word_1_299' title='bbox 254 3375 339 3436; x_wconf 92' lang='lat' dir='ltr'><strong>dedit</strong></span> <span class='ocrx_word' id='word_1_300' title='bbox 352 3381 383 3435; x_wconf 87' lang='lat' dir='ltr'><strong>et</strong></span> <span class='ocrx_word' id='word_1_301' title='bbox 395 3375 464 3434; x_wconf 69' lang='lat' dir='ltr'><strong>tibia</strong></span> <span class='ocrx_word' id='word_1_302' title='bbox 488 3391 567 3450; x_wconf 85' lang='lat' dir='ltr'><strong>quae</strong></span> <span class='ocrx_word' id='word_1_303' title='bbox 582 3391 639 3439; x_wconf 94' lang='lat' dir='ltr'><strong>suo</strong></span> <span class='ocrx_word' id='word_1_304' title='bbox 655 3376 744 3437; x_wconf 84' lang='lat' dir='ltr'><strong>iuret</strong></span> <span class='ocrx_word' id='word_1_305' title='bbox 792 3421 807 3451; x_wconf 92' lang='lat'><strong>,</strong></span> <span class='ocrx_word' id='word_1_306' title='bbox 829 3390 921 3448; x_wconf 86' lang='lat' dir='ltr'><strong>aquo</strong></span> <span class='ocrx_word' id='word_1_307' title='bbox 933 3372 1037 3443; x_wconf 90' lang='lat' dir='ltr'><strong>voluit,</strong></span> 
     </span>
     <span class='ocr_line' id='line_1_39' title="bbox 63 3454 1037 3542; baseline -0.006 -21"><span class='ocrx_word' id='word_1_308' title='bbox 63 3459 203 3542; x_wconf 87' lang='lat' dir='ltr'><strong>debitum</strong></span> <span class='ocrx_word' id='word_1_309' title='bbox 219 3475 308 3520; x_wconf 89' lang='lat' dir='ltr'><strong>suum</strong></span> <span class='ocrx_word' id='word_1_310' title='bbox 325 3458 412 3520; x_wconf 89' lang='lat' dir='ltr'><strong>citius</strong></span> <span class='ocrx_word' id='word_1_311' title='bbox 428 3455 537 3533; x_wconf 73' lang='lat' dir='ltr'><strong>exegit.</strong></span> <span class='ocrx_word' id='word_1_312' title='bbox 572 3459 656 3521; x_wconf 89' lang='lat' dir='ltr'><strong>noni</strong></span> <span class='ocrx_word' id='word_1_313' title='bbox 716 3457 807 3520; x_wconf 67' lang='lat' dir='ltr'><strong>tucn</strong></span> <span class='ocrx_word' id='word_1_314' title='bbox 950 3454 1037 3516; x_wconf 71' lang='lat' dir='ltr'><strong>anius</strong></span> 
     </span>
    </p>
   </div>
   <div class='ocr_carea' id='block_1_3' title="bbox 0 0 1194 3856">
    <p class='ocr_par' dir='ltr' id='par_1_4' title="bbox 0 0 1194 3856">
     <span class='ocr_line' id='line_1_40' title="bbox 0 0 1194 3856; baseline 0 2"><span class='ocrx_word' id='word_1_315' title='bbox 0 0 1194 3856; x_wconf 95' lang='lat' dir='ltr'><strong> </strong></span> 
     </span>
    </p>
   </div>
  </div>
 </body>
</html>
