2378 3856
244 215 295 274 DE
317 213 534 275 CLEMENTIA
555 215 626 275 LlB.
641 216 663 274 l.
688 225 816 278 tlt—22.
953 213 1040 278 295·

50 367 246 440 nirestinrque
268 368 328 440 vis,
347 379 438 442 quam
452 374 485 426 ut
500 366 598 428 alieno
614 369 694 428 malo
709 369 884 443 opinionem
899 368 957 427 sibi
972 369 1015 427 vi-

50 453 121 511 rium
137 459 273 525 quaerat.
295 451 355 510 hoe
370 451 456 510 dieo:
479 464 547 509 eum
561 450 598 510 ab
614 451 808 512 interioribus
823 452 933 526 petitus
951 452 1015 511 vio-

50 541 186 608 latusque
201 540 257 592 est.
281 534 407 606 namsi,
424 549 504 608 quos
519 546 610 608 pares
625 535 789 608 aliquando
805 533 921 608 babuit,
938 535 1016 593 intra

50 633 78 677 se
100 616 196 687 videt,
219 617 294 677 satis
315 615 486 677 vindicatus
507 625 562 677 est.
597 618 712 690 Regem
733 626 762 678 et
778 633 887 679 servus
904 618 1016 678 oceidit

50 709 73 760 et
93 714 224 775 serpens
243 708 272 760 et
287 701 411 774 sagitta=
434 701 568 759 servabit
582 700 705 774 quidem
720 717 824 773 nemo,
846 701 904 760 nisi
920 702 1015 762 maior

50 800 81 845 eo
96 798 187 857 quem
200 784 341 843 servavit.
374 783 423 844 Uti
434 783 537 858 itaque
549 785 685 844 animose
697 784 787 844 debet
797 791 880 845 tanto
891 800 1015 844 munere
1030 790 1061 841 2.

50 869 172 927 ieonum
195 867 288 926 dandi
308 867 528 942 auferendique
550 868 640 927 vitam
662 874 786 942 potens,
809 869 839 926 in
859 867 907 927 lris
926 882 1014 942 prae·

50 951 157 1022 sertim,
172 967 251 1026 quos
265 951 322 1010 soit
333 950 498 1024 aliquando
509 951 567 1010 sibi
577 951 658 1030 [par]
672 953 823 1027 fastigium
833 952 1013 1012 obtinuisse.

50 1050 104 1094 roe
116 1033 272 1094 arbitrium
283 1034 413 1107 adeptus
427 1034 570 1094 ultionem
581 1035 708 1111 inplevit
718 1035 906 1111 perfecitque
918 1052 1014 1111 quan·

50 1135 108 1178 :um
124 1132 214 1177 verae
230 1133 348 1192 poenae
363 1117 437 1177 satis
452 1125 525 1178 erat.
548 1119 679 1193 perdidit
693 1120 773 1178 enim
788 1119 879 1179 vitam
895 1121 947 1192 qui
962 1120 1015 1179 de-

50 1207 109 1273 bet,
133 1207 162 1259 et
177 1202 316 1276 quisquis
331 1216 370 1260 ex
384 1201 444 1260 alto
457 1202 496 1260 ad
508 1201 619 1260 inimici
632 1201 728 1275 pedes
739 1203 874 1262 abiectus
886 1204 1015 1262 alienam

50 1285 84 1342 le
101 1284 197 1359 eapite
212 1300 371 1359 regnoque
386 1283 565 1344 sententiam
580 1285 784 1359 exspectavit,
807 1285 836 1343 ln
849 1286 1014 1345 servatoris

50 1367 92 1427 sui
114 1369 240 1440 gloriam
262 1369 334 1427 vivit
356 1369 487 1443 plusque
504 1366 618 1427 nomini
632 1368 697 1426 eius
712 1369 830 1429 confert
844 1369 1013 1440 incolumis,

50 1466 138 1526 quam
156 1452 182 1510 si
204 1467 242 1510 ex
257 1453 353 1512 oeulis
369 1452 487 1511 ablatus
503 1458 596 1510 esset.
623 1451 784 1510 adsiduum
800 1452 879 1511 euim
894 1459 1014 1527 speeta-

50 1535 144 1600 tulum
166 1533 283 1594 alienae
304 1536 420 1595 virtutis
442 1542 508 1595 est:
540 1534 568 1592 in
589 1534 741 1609 triumpho
763 1536 821 1594 cito
843 1538 1012 1596 transisset.

50 1617 76 1677 Si
103 1633 175 1677 vero
202 1633 328 1692 regnum
349 1634 472 1693 quoque
498 1634 586 1678 suum
608 1625 671 1677 tuto
691 1619 821 1692 relinqui
843 1619 925 1694 apud
946 1626 1046 1679 eum3

50 1701 144 1776 potuit
162 1703 332 1777 reponique
353 1718 389 1761 eo
411 1702 491 1761 unde
510 1701 678 1774 deciderat,
701 1701 815 1775 ingenti
829 1701 1013 1764 incremento
1059 1702 1060 1708 ’

50 1785 144 1857 surgit
165 1785 231 1843 laris
253 1786 335 1858 eius,
362 1787 414 1860 qui
436 1793 596 1845 contentus
618 1786 673 1845 luit
693 1801 731 1844 ex
751 1800 824 1858 rege
845 1786 925 1844 vieto
942 1785 1014 1843 nihil

50 1875 165 1943 praeter
187 1868 312 1941 gloriam
334 1884 463 1928 sumere.
500 1869 565 1928 lloe
586 1876 633 1928 est
653 1870 740 1928 etiarn
761 1884 800 1928 ex
816 1869 942 1929 victoria
958 1885 1014 1928 sua

50 1951 228 2025 ‘triumphare
250 1952 414 2026 testarique
431 1950 502 2011 nihil
516 1968 551 2010 se
567 1953 647 2028 quod
665 1952 788 2027 dignum
803 1959 885 2012 esset
900 1953 1014 2012 victore

50 2035 128 2109 apud
144 2034 240 2094 victos
256 2034 419 2094 invenisse.
462 2035 535 2094 Cum
550 2037 666 2094 civibus
682 2045 712 2096 et
726 2037 837 2110 ignotis
853 2044 945 2110 atque
959 2035 1045 2103 hue

50 2118 164 2178 nilibus
179 2134 216 2178 eo
232 2118 416 2179 moderatius
431 2117 582 2191 agendum
598 2125 658 2188 est,
682 2134 743 2192 quo
758 2119 884 2177 minoris
899 2126 945 2178 est
960 2118 1012 2176 ad-

50 2198 162 2260 lixisse
177 2217 242 2261 eos.
266 2201 447 2276 quibusdam
465 2199 592 2260 libenter
607 2216 732 2275 pareas,
753 2217 771 2260 a
786 2199 969 2276 quibusdam
983 2208 1013 2260 te

50 2285 200 2344 uindicare
215 2284 353 2344 fastidias
369 2290 399 2342 et
414 2298 475 2341 non
490 2282 575 2341 aliter
591 2299 680 2358 quam
696 2284 734 2342 ab
749 2283 928 2343 animalibus
945 2301 1012 2359 par-

50 2369 91 2427 uis
107 2374 136 2427 et
151 2368 337 2427 obterentem
353 2366 580 2440 inquinantibus
592 2366 768 2442 reducenda
779 2383 887 2426 manus
899 2375 961 2427 est=
984 2375 1014 2426 at

50 2469 73 2509 .n
94 2450 148 2524 iis,
172 2452 222 2524 qui
238 2452 267 2509 in
283 2465 337 2509 ore
353 2450 480 2508 civitatis
497 2450 608 2508 servati
625 2450 782 2525 punitique
798 2459 905 2524 erunt„
924 2467 1012 2510 ocea-

50 2536 132 2595 sione
145 2541 235 2593 notae
250 2534 427 2593 elementiae
442 2534 585 2591 utendum
600 2541 656 2593 est.

104 2617 195 2676 XXll.
222 2617 477 2678 Transeamus
507 2616 553 2675 ad
586 2618 735 2677 alienas
769 2617 950 2692 iniurias,
982 2619 1043 2686 inr

50 2701 156 2773 quibus
177 2701 368 2761 vindicandis
390 2700 465 2760 haee
487 2702 544 2761 tria
562 2703 613 2760 lex
635 2708 740 2761 secuta
754 2710 815 2774 est,
839 2718 917 2776 quae
931 2703 1012 2776 prin·

50 2797 120 2854 :eps
133 2799 256 2857 quoque
270 2785 359 2859 sequi
371 2784 476 2842 debet:
494 2787 549 2843 'aut
560 2793 593 2844 ut
604 2802 681 2855 euin,
699 2800 788 2858 quem
801 2785 894 2858 punit,
911 2799 1013 2847 emen,

50 2866 108 2936 iet,
132 2874 182 2926 aut
203 2874 234 2927 ut
254 2882 354 2941 poena
374 2867 440 2925 eius
461 2874 579 2926 eeteros
600 2868 742 2926 meliores
767 2866 887 2937 reddat,
909 2872 960 2924 aut
980 2879 1012 2924 ut

50 2948 171 3009 sublatis
197 2951 284 3010 malis
309 2948 481 3009 securiores
508 2951 599 3007 ceteri
624 2951 735 3008 vivant.
776 2946 865 3022 ipsos
893 2949 1011 3008 facilius

50 3034 221 3092 emendabis
240 3037 356 3094 minore
378 3047 492 3106 poena:
521 3027 693 3106 diligentius
714 3032 793 3090 enirn
809 3033 880 3092 vivit
895 3033 943 3091 eui
958 3032 1010 3090 ali-

50 3115 118 3190 quid
143 3118 249 3191 integri
275 3122 426 3191 superest.
464 3130 553 3175 nemo
579 3116 714 3189 dignitati
740 3115 876 3189 perditae
905 3116 1010 3190 pareit.

54 3201 217 3273 npunitatis
231 3197 328 3273 gen'us
343 3206 390 3257 est
404 3200 462 3257 iam
475 3215 535 3257 non
547 3197 659 3257 habere
673 3215 790 3272 poenae
802 3201 911 3259 locum.
934 3199 1040 3257 civi-t

50 3282 111 3341 ‚atis
133 3291 231 3342 autem
254 3297 355 3341 mores
375 3283 472 3356 magis
489 3282 610 3354 corrigit
626 3283 757 3355 parcitus
773 3283 936 3342 animadve:
984 3299 1009 3341 >-

50 3382 124 3424 rum.
155 3366 224 3425 lacit
243 3366 322 3423 enim
337 3366 588 3424 consuetudinem
604 3365 754 3440 peccandi
767 3365 924 3425 multitudo
980 3379 1010 3416 a.

50 3450 173 3507 :antium
188 3458 218 3510 et
234 3448 334 3509 minus
348 3449 450 3523 gravis
464 3456 536 3508 nota
551 3456 612 3524 est,
635 3463 726 3522 quam
740 3456 752 3510 t
