2378 3856
66 202 306 265 comitali
314 154 850 267 Mdissllbinllcollsotrtllorllt.
861 213 953 266 rom.
973 203 1038 269 bii

62 368 159 416 nosse
174 365 288 428 operae
303 352 434 427 pretinm
447 359 506 413 est
537 352 611 413 cum
625 351 798 418 sestertium
812 351 924 415 millies
937 353 968 413 in
983 367 1066 423 ouo

61 438 157 511 linem
165 435 369 511 coniecisset,
384 451 455 497 oum
467 442 512 499 tut
524 435 684 511 congiaria
693 435 866 512 principum
877 443 911 499 el
925 438 1037 512 ingens

61 519 202 596 capitolii
219 519 352 594 uectigal
373 519 502 595 singulis
522 519 789 583 comissationibus
813 519 1039 597 eusorpsiseet,v

60 615 135 666 aere
148 601 251 664 alieno
264 617 435 678 oppressus
448 601 585 664 rationes
599 618 674 663 sues
683 609 757 663 tuno
766 604 896 678 primum
907 612 1036 666 coaetus
1100 627 1108 640 ·

60 686 212 762 insperits
234 687 462 761 superfuturum
475 683 536 747 sibi
543 686 721 749 sestertium
732 687 846 748 centies
858 688 1036 763 computavit

59 779 90 832 et
111 769 245 832 velutin
265 769 370 831 ultimo
382 770 470 830 2iarne
490 769 647 841 victurus,
670 769 696 829 ei
717 769 748 828 iu
762 771 903 832 sestertio
918 772 1034 832 centies

58 852 208 927 vixisset,
228 866 350 914 ueneno
369 853 463 913 vitam
476 851 585 914 finivit.
618 852 735 926 Quanta
746 852 868 915 luxuria
882 862 962 926 erat,
986 854 1075 914 coilo

58 937 178 999 centies
199 935 375 998 sestertium
391 942 515 1010 egestus
529 933 607 998 lulli
630 937 869 1013 inuncetputa
882 937 1035 1013 pecuniae

58 1020 186 1085 mnodum
199 1020 240 1081 ad
253 1033 319 1082 rem
333 1019 499 1095 pertinere,
520 1036 581 1083 non
599 1021 701 1084 animi
722 1019 901 1083 Sestertium
916 1019 1034 1082 centies

58 1104 175 1180 aliquis
192 1104 330 1164 extimuit
346 1110 390 1176 et,
412 1103 497 1178 quod
510 1103 560 1164 olii
573 1111 648 1164 voto·
660 1111 780 1179 petunt,
800 1120 920 1165 veneno
935 1103 1033 1179 lupitt

59 1187 101 1247 illi
123 1201 197 1247 vero
218 1193 277 1248 tam
294 1199 409 1262 pravae
422 1187 532 1247 mentis
547 1186 662 1247 bomini
676 1186 780 1247 ultima
795 1188 880 1261 potio
895 1188 1031 1248 saluber·

56 1272 136 1331 rima
149 1270 223 1331 suits·
240 1278 312 1332 tuno
326 1284 445 1330 venena
455 1268 567 1330 edebat
579 1269 779 1344 bibebatque,
801 1285 870 1330 oum
885 1271 1033 1330 inmensis

57 1353 161 1429 epulis
174 1369 236 1414 uon
251 1354 453 1414 delectaretur
468 1359 598 1426 tuntum,
619 1353 677 1413 sed
690 1353 883 1427 gloriaretur,
905 1370 975 1414 oum
988 1352 1032 1414 ri·

57 1436 101 1497 tia
114 1449 182 1498 'sua
194 1444 376 1510 ostentaret,
399 1451 468 1496 oum
482 1436 633 1496 civitatem
647 1436 677 1496 in
691 1435 842 1498 luxuriam
856 1453 945 1497 suam
958 1453 1032 1498 cou-

56 1526 205 1594 venerei,
229 1536 296 1583 curu
318 1521 505 1581 iuventutem
519 1520 559 1580 ad
572 1518 769 1582 imitationem
784 1521 833 1581 sui
847 1521 1033 1593 sollicitaret,

57 1603 150 1665 etiam
165 1604 235 1665 elne
245 1605 333 1667 malis
348 1604 497 1678 exemplis
514 1617 569 1679 per
583 1619 618 1664 se
629 1604 770 1664 docilem.
791 1605 875 1664 Haeo
889 1605 1070 1665 acciduntll

56 1686 181 1748 diuitias
202 1703 264 1748 non
284 1688 324 1748 ad
344 1686 490 1748 radonem
509 1686 739 1762 revocantibus,
762 1689 849 1749 cuius
865 1689 938 1749 certi
953 1689 1033 1748 fines

58 1778 145 1843 sunt,
167 1771 226 1833 sed
245 1773 283 1831 ad
308 1770 448 1832 vitiosam
469 1770 737 1844 cousuetudinem,
759 1772 845 1831 cuius
860 1770 1032 1832 inmensum

58 1861 89 1914 et
112 1851 412 1928 inconprehensibile
437 1853 591 1916 arbitrium
616 1863 671 1915 est.
708 1855 870 1930 Cupiditati
890 1854 964 1915 nihil
984 1862 1032 1915 est

58 1935 151 2011 satis,
174 1945 299 1998 naturae
318 1938 393 1999 satis
412 1944 460 1998 est
472 1937 563 1999 eliam
579 1953 696 2013 parurn.
732 1939 851 2000 Nullum
866 1954 939 2014 ergo
955 1955 1030 2013 pau·

59 2027 165 2095 perles
177 2021 276 2082 exulis
286 2020 512 2082 incommodum
522 2021 628 2082 habet:
650 2024 855 2084 nullumenim
866 2023 1032 2097 tuminups

58 2103 182 2164 attilium
197 2111 258 2177 est,
276 2106 358 2180 quod
374 2120 436 2165 non
451 2105 560 2165 alendo
572 2105 686 2165 honrini
698 2107 820 2166 abunde
832 2105 930 2166 fertile
941 2104 989 2164 sit.

85 2220 87 2223 v
120 2188 171 2254 rtt.
192 2194 247 2248 An
263 2195 415 2250 'vestem
432 2188 638 2248 sodomum
653 2187 957 2248 desideraturus
973 2192 1059 2247 estl

56 2271 170 2331 enuit
200 2274 254 2344 [oi]
276 2271 355 2332 hacc
379 2286 505 2346 quoque
527 2272 568 2331 ad
589 2286 680 2331 usum
699 2279 814 2332 tanturn
835 2269 1032 2344 desiderabit,

57 2367 162 2428 neque
179 2361 292 2416 monum
312 2355 339 2414 ei
361 2355 458 2416 deerit
474 2369 575 2429 neque
597 2355 808 2415 velamentum.
835 2369 933 2428 ecque
950 2353 1031 2413 enim

57 2437 172 2512 exiguo
194 2440 304 2513 tegitur
329 2454 445 2512 cor-pus
470 2453 561 2512 quam
586 2437 684 2498 alitum.
728 2438 801 2498 nibil
831 2436 945 2498 homini
979 2453 1030 2496 no·

56 2527 140 2595 ture,
169 2522 255 2596 quod
271 2523 482 2583 necessarium
496 2519 642 2592 iaciebat,
666 2519 738 2582 iecit
752 2537 929 2596 operosum.
967 2519 1058 2581 Sedu

57 2604 214 2666 desiderat
235 2604 365 2671 scutram
391 2607 483 2668 multo
507 2604 670 2683 conchylio
692 2621 857 2681 purpuram
884 2604 1029 2666 intextam

56 2704 133 2748 auro
146 2689 301 2764 variisque
311 2696 341 2750 et
352 2690 507 2753 coloribus
519 2688 690 2751 distinctam
703 2696 733 2750 et
742 2689 873 2750 artibus:
892 2706 954 2750 non
969 2690 1030 2749 ior-

48 2781 149 2840 ,tunae
162 2771 221 2830 iste
236 2773 325 2846 vitio,
347 2774 404 2833 sed
417 2791 477 2835 suo
489 2778 676 2848 pauperent
699 2773 818 2833 etiamsi
829 2771 872 2831 illi
883 2770 1031 2846 quicquid

56 2853 173 2924 amisit,
189 2853 373 2927 restitueris,
388 2855 460 2915 nibil
476 2870 560 2928 ages.
583 2858 654 2930 plus
665 2853 946 2914 enimrestituendo
959 2854 1030 2910 dee·

55 2939 95 2997 rit
115 2951 155 2995 cx
175 2950 229 3007 eo,¹
252 2937 336 3010 quod
357 2937 454 3010 cupit,
478 2951 570 3011 quam
591 2935 674 2995 exuli
689 2950 728 2994 ex
743 2950 796 3007 eo,
818 2934 903 3008 quod
916 2932 1030 2993 habuit

59 3020 123 3082 Sed
138 3019 295 3080 desiderat
309 3020 409 3080 aureis
424 3021 589 3094 fulgentem
598 3018 683 3079 vasis
699 3015 920 3092 supellectilem
934 3023 965 3076 et
979 3028 1060 3083 ans

55 3104 150 3178 liquis
172 3103 347 3165 nominibus
369 3103 517 3164 artificum
536 3107 694 3176 argentum
709 3099 825 3173 nobile,
847 3116 901 3161 aes
915 3114 1028 3176 pauco·

55 3203 123 3249 rum
135 3187 254 3249 insania
266 3186 433 3263 pretiosum
445 3194 476 3246 et
486 3201 646 3249 servorum
656 3185 783 3258 turbam,
801 3200 880 3260 quae
890 3185 1030 3259 quamvis

56 3286 197 3345 magnam
219 3271 343 3333 domum
364 3278 519 3345 angustet,
540 3271 741 3332 iumentorum
762 3284 895 3343 corpora
910 3267 1030 3327 differta

56 3363 87 3414 et
108 3362 216 3416 coacta
235 3355 438 3430 pinguescere
452 3361 483 3415 et
496 3353 652 3416 nationum
665 3353 800 3416 omnium
814 3350 951 3426 lapides=
965 3351 1031 3428 ista

57 3445 262 3513 congerantur
275 3440 359 3512 licet,
377 3455 540 3514 numquam
555 3439 721 3514 explebunt
735 3434 952 3509 inexplebilem
968 3433 1028 3493 sni·
