2378 3856
173 220 237 285 2⁷8
461 223 494 281 li.
518 220 661 281 anunm
682 218 858 280 SENECAE

176 376 244 437 dior
264 381 326 435 est:
349 372 497 434 securitas
518 374 591 445 altu,
612 370 769 443 adfluens,
792 370 842 431 ius
856 373 1148 447 supraomucuiu-

175 460 282 520 iuriam
301 458 443 533 positmn.
470 455 653 516 obversatur
674 454 772 515 oculis
791 453 963 515 laetissime
981 455 1149 519 iorum

176 542 332 618 publicae,
348 541 397 601 cui
411 539 450 599 ad
464 554 613 598 summam
626 539 793 599 libertatem
804 536 984 599 uiitiideoet
993 538 1059 601 uisi
1068 554 1148 617 pete

148 625 250 695 cundi
280 624 410 685 licentia.
435 622 617 696 'Praecipue
644 630 743 682 umen
769 620 909 696 aequetis
932 622 978 683 ud
1000 624 1148 685 mximas

176 709 317 783 imosque
332 707 471 782 pervenit
485 706 662 765 clementiae
674 710 744 764 tuae
758 704 930 766 admiratio.
953 713 1064 769 cetera
1076 706 1148 769 nim
1181 774 1183 779 ,

176 792 259 852 bona
280 808 335 865 pro
359 792 497 866 portione
518 790 657 849 fortunae
676 804 753 848 suae
773 788 906 863 quisquc
920 790 1021 852 emit
1036 798 1147 853 autex-

177 883 297 951 spectat
319 875 435 933 maiora
458 872 657 947 minoraque=
690 888 730 932 ex
753 871 915 932 elementia
938 886 1056 937 onnes
1074 874 1147 936 idun

177 964 316 1033 eperunt,
339 972 395 1015 nec
410 962 458 1015 est
471 955 648 1029 quisquam,
672 954 892 1015 cuitamvulde
902 952 1147 1020 unumunurm

176 1041 310 1114 placeat,
332 1047 446 1098 utnon
467 1046 548 1099 sture
566 1039 596 1097 in
617 1046 787 1112 conspectu
807 1040 1002 1100 clementium
1018 1050 1145 1118 purutuu

175 1121 316 1181 humanis
331 1120 485 1182 erroribus
501 1122 643 1196 gaudent.

146 1226 158 1275 1
237 1206 273 1264 ΙΙ.
295 1205 392 1265 Esse
413 1213 542 1265 autem·
559 1205 713 1279 aliquos
735 1203 833 1276 scio,
852 1206 920 1281 qui
940 1207 1143 1270 clementia

176 1290 384 1363 pessimum
406 1303 592 1363 quemque
614 1295 750 1363 putent
772 1288 982 1363 sustiueri,
1008 1292 1142 1369 quonian

176 1373 234 1432 uisi
256 1381 328 1447 post
347 1372 460 1432 crimen
475 1386 668 1446 supervacua
681 1379 729 1432 est
742 1380 773 1432 et
786 1372 855 1432 sola
868 1372 948 1433 haec
961 1373 1064 1437 virtut
1076 1376 1142 1435 inter

175 1456 353 1515 innocentes
369 1462 479 1516 cessat.
516 1455 579 1516 Sed
590 1455 720 1530 primum
734 1456 866 1537 omnium
880 1456 965 1518 sicut
979 1456 1142 1519 medicine

176 1538 260 1612 apud
279 1554 391 1613 aegros
406 1554 499 1609 usus,
522 1538 611 1599 cuam
625 1537 709 1614 apud
723 1554 817 1600 sanos
832 1538 936 1602 honor
948 1548 1016 1615 est,
1036 1540 1077 1603 itu
1090 1541 1140 1601 ce
1181 1576 1183 1591 =

174 1621 317 1681 mentium
329 1623 467 1698 quamvis
484 1637 586 1697 poene
599 1621 684 1696 digni
694 1622 849 1696 invocent,
864 1623 958 1685 etium
968 1624 1141 1687 inucccutcs
1178 1594 1183 1707 1

176 1706 288 1766 colunt.
307 1706 424 1766 Deinde
434 1706 526 1766 habet
536 1705 931 1787 haecinpcrsonuquqquc
939 1706 1141 1769 innocentum
1177 1720 1181 1745 ³

175 1789 290 1861 locum,
310 1788 381 1863 quia
393 1790 512 1849 interim
524 1790 644 1849 fortuna
656 1805 713 1864 pro
725 1790 817 1864 culpa
825 1797 874 1850 est
883 1805 944 1850 uec
954 1789 1141 1865 innocentiae
1176 1750 1183 1821 ss

175 1879 288 1931 tantum
309 1872 469 1931 clementia
488 1870 652 1945 succurrit,
674 1873 732 1932 sed
752 1887 847 1949 saepe
859 1873 982 1949 virtuti,
1004 1872 1141 1951 quomam
1176 1836 1183 1937 i

176 1954 299 2029 quidem
319 1954 499 2014 condicione
518 1962 688 2029 temporum
710 1955 846 2016 incidunt
865 1957 1043 2033 quaedam,
1069 1970 1141 2035 quoe
1181 1952 1183 1967 '

144 2052 161 2106 2
175 2037 297 2114 possint
310 2037 432 2098 laudata
443 2037 552 2111 puniri.
579 2039 677 2098 Adice
689 2039 774 2113 quod
783 2055 894 2115 magua
904 2055 981 2115 pars
992 2040 1140 2104 homiuum

175 2129 237 2195 cst,
260 2136 340 2196 quae
354 2121 464 2181 reverti
479 2121 519 2181 ad
533 2121 734 2183 innocentiam
750 2121 858 2197 possit
891 2120 957 2183 Sed
970 2139 1037 2187 nou
1048 2130 1139 2185 umen

174 2204 268 2279 uolgo
290 2206 451 2279 ignoscere
473 2205 570 2265 decet.
606 2221 676 2264 nam
696 2205 748 2265 ubi
768 2206 932 2267 discrimen
953 2207 1036 2269 iuter
1051 2206 1139 2267 muca

174 2286 340 2363 bonosque'
359 2289 510 2349 sublatum
530 2295 593 2361 est,
622 2289 761 2349 contusio
786 2287 926 2365 sequitur
949 2297 984 2351 et
1006 2290 1139 2353 vidomu

175 2370 311 2446 eruptio:
333 2372 436 2447 itaque
450 2370 623 2431 adhibendo
637 2372 804 2433 moderatio
819 2379 881 2446 est,
901 2388 985 2448 quac
997 2370 1140 2436 muntiis

174 2455 297 2530 ingenia
317 2455 504 2530 distinguere
526 2471 545 2515 a
567 2455 732 2529 deploratis
754 2457 844 2528 sciat,
866 2470 925 2515 uec
938 2456 1140 2531 promiscuum

174 2537 288 2596 habere
311 2553 349 2597 ac
373 2540 530 2611 vulgarem
553 2538 742 2598 clementium
763 2545 884 2613 oportet
901 2554 961 2600 nec
981 2540 1139 2601 summam

175 2635 244 2678 nom
267 2626 329 2678 tam
356 2618 497 2680 omnibus
517 2620 678 2693 ignoscere
697 2622 860 2683 cmdelitas
878 2629 932 2683 eat-
949 2638 1044 2697 quem
1063 2619 1138 2683 uuiii.

174 2701 300 2763 Modum
320 2709 425 2762 tenere
445 2701 603 2762 debemus.
631 2703 688 2764 sed
709 2706 781 2779 quia
794 2704 918 2767 difficile
932 2711 982 2767 ost
995 2712 1139 2781 tempero·

174 2792 321 2857 mentum,
350 2784 496 2861 quicquid
517 2799 617 2861 aequo
639 2788 708 2861 plus
731 2787 860 2849 futurum
882 2794 945 2864 est‘
970 2788 1005 2849 in
1029 2794 1141 2865 parton

173 2870 380 2932 humaniorem
395 2869 628 2945 praeponderet
1131 2904 1134 2911 ·

22 3020 26 3027 ,
142 2969 157 3020 1
234 2955 284 3014 111.
308 2953 371 3014 Sed
383 2954 459 3014 haec
469 2967 528 3014 suo
540 2955 609 3014 tcco
621 2952 729 3017 meiius
742 2954 889 3015 dicentur.
910 2954 1050 3017 Nuncin
1063 2962 1141 3017 tres

174 3042 306 3111 partes
324 3052 470 3097 omnem
490 3038 588 3097 hauc
605 3037 801 3098 materiam
815 3036 1001 3098 dividamr
1022 3036 1142 3115 primu

164 3120 248 3179 erit
273 3118 604 3180 manumissionis.
635 3120 820 3195 secunda,
850 3134 949 3196 quae
969 3128 1142 3182 naturam

172 3202 403 3263 clementiae
429 3201 679 3279 habitumque
706 3204 960 3265 demonstrem
987 3218 1142 3265 numcum

172 3285 233 3345 siut
242 3284 316 3346 vitia
326 3284 477 3361 quaedem
488 3284 614 3347 virtutes
625 3287 778 3361 imitantia,
793 3303 857 3348 nou
867 3293 1003 3363 possunt
1013 3286 1140 3357 eccuni,

171 3368 337 3444 nisisigna,
351 3366 695 3444 quu'busdignoscantur,
706 3372 900 3446 impresseris.
919 3368 1141 3433 tertioloco

171 3466 418 3525 quaeremus,
447 3452 638 3527 quomodo
666 3453 828 3515 adhunc
849 3455 1032 3519 virtutem
1055 3470 1140 3531 pcr-
