2378 3856
124 216 188 280 ΞΜ
327 216 360 275 L.
380 214 526 275 ANNAEI
547 212 723 273 SENECAE
744 210 847 273 DIAE
859 210 897 273 X.

126 377 273 445 percepta
287 376 368 427 sunt.
392 366 432 425 de
446 372 548 425 cetero
564 366 627 426 iors
639 365 775 437 tortura,
796 372 830 425 ut
844 364 942 439 votet,
965 364 1098 435 ordinata

124 454 189 513 vita
207 453 267 511 iam
287 451 318 509 iu
336 458 400 513 tuto
416 456 472 509 est.
507 446 579 509 huia
590 448 673 508 adioi
687 454 803 522 potest,
824 446 945 509 detrahi
960 446 1052 523 nihii,
1069 456 1100 509 et

125 536 205 595 udioi
216 535 276 607 sio,
292 532 550 609 quemadmodum
560 539 665 591 mauu
676 530 736 591 ium
747 546 784 593 aa
795 530 888 605 pleno
898 530 1020 607 aiiqrrid
1026 530 1098 593 oibir

84 629 118 682 1⁰
125 616 211 695 quod
232 632 291 676 neo
312 616 481 686 desiderat,
505 615 595 689 eupit
626 613 694 675 Nou
710 621 759 674 est
774 615 879 689 itaque
891 614 982 691 quod
994 630 1099 691 quem·

125 716 217 777 quam
231 706 357 777 propter
369 714 466 760 ornos
478 704 633 773 autrugas
645 704 734 772 putas
746 697 799 759 diu
810 697 944 759 vixissm
963 704 1041 773 [aaa
1050 698 1098 761 iiie

125 784 179 845 diu
192 782 282 855 vixit,
299 783 368 855 sed]
385 782 437 842 diu
448 782 512 841 tuit
533 780 613 855 Quid
624 782 719 854 enim,
734 780 762 841 si
773 779 858 843 ittum
869 783 1000 845 muttum
1008 788 1097 858 patae

125 868 306 943 navigasse,
329 880 419 941 quem
434 879 530 925 saeua
543 870 710 938 tempestas
722 879 743 923 a
756 870 847 939 portu
861 870 1027 941 exceptum
1039 865 1097 929 tm

125 960 156 1012 et
169 952 241 1010 ittuo
254 949 321 1010 tulit
333 964 371 1007 ao
381 948 501 1007 visibus
511 953 670 1007 ventorum
679 962 720 1007 ex
732 946 857 1007 diverso
869 947 1036 1013 tutandum
1046 962 1097 1024 per

125 1034 234 1093 eadem
254 1031 356 1107 spada
375 1031 405 1091 iu
426 1030 531 1092 orbam
545 1031 628 1105 agita
655 1045 716 1089 non
729 1030 781 1091 iiie
795 1030 921 1093 mutuam
936 1032 1097 1107 anskarii,

125 1117 182 1177 sed
196 1115 322 1175 muttum
336 1114 465 1174 iactatus
478 1120 535 1173 est

100 1203 111 1253 1
184 1198 267 1257 vili.
288 1197 392 1257 Mirari
406 1199 508 1269 soleo,
530 1211 599 1257 oum
613 1196 704 1257 video
720 1196 842 1271 aliquos
855 1204 981 1273 tanaus
995 1204 1096 1274 peteu-

125 1291 172 1343 tes
185 1290 214 1342 et
224 1298 295 1352 sos,
312 1283 364 1356 qui
376 1288 530 1356 rogorum,
545 1280 723 1342 facillimos:
744 1280 819 1341 iliud
829 1286 1096 1358 utorqusspoem,

124 1376 253 1442 propter
267 1364 351 1441 quod
365 1372 488 1439 tempus
502 1364 627 1439 petimm
641 1371 703 1436 est,
723 1364 825 1439 ipsum
841 1362 968 1439 quidem
982 1372 1096 1429 umam.

127 1451 216 1526 quasi
237 1448 310 1509 nihii
325 1446 452 1523 potitur,
474 1445 563 1523 quasi
578 1446 652 1509 uiirit
666 1447 755 1509 datur
768 1463 819 1509 res
835 1447 972 1509 omuiuru
987 1448 1096 1525 pretio

125 1533 264 1593 sissima=
286 1530 407 1591 tudimr.
432 1531 520 1591 Fallit
534 1530 732 1602 summittes,
748 1532 882 1606 quiores
894 1530 1096 1609 incorporatis

124 1625 187 1689 est,
209 1615 283 1691 quia
302 1614 362 1675 sub
376 1616 487 1674 oeulos
500 1630 562 1674 uon
577 1614 674 1686 venit,
693 1614 828 1689 ideoque
844 1614 997 1681 uilissima
1009 1616 1095 1677 aetii-

96 1707 237 1772 amatur‚
259 1699 350 1757 immo
367 1698 592 1772 pueuenuttum
603 1697 669 1757 eius
682 1697 813 1772 pretium
821 1705 880 1759 ast
902 1698 1017 1761 Auum
1027 1714 1096 1761 rou

124 1783 221 1858 gioria
235 1782 376 1841 homines
390 1777 552 1840 clarissimi
564 1779 718 1854 resipiant
729 1788 762 1841 et
775 1781 829 1853 [iu]
844 1780 894 1843 iris
909 1788 963 1843 aut
972 1797 1096 1859 operam

125 1872 177 1924 aut
188 1865 372 1939 diligentium
385 1865 598 1923 suamtooaut=
612 1864 989 1940 uemouestimattempus.
1009 1873 1095 1927 utun·

124 1957 173 2007 tur
187 1947 239 2007 itio
256 1948 355 2007 toxius
372 1947 462 2023 quasi
476 1946 616 2019 gratuito.
650 1954 682 2007 at
693 1947 821 2007 eosdem
835 1962 947 2022 aegros
961 1948 1052 2024 vide,
1071 1949 1096 2009 si

124 2028 230 2091 mortis
252 2029 420 2106 perieulum
441 2028 570 2106 propius
585 2037 633 2091 est
649 2029 820 2103 admotum,
841 2031 1035 2097 modioomm
1047 2048 1097 2109 go·

124 2131 186 2174 nua
204 2120 375 2190 tangentes.
410 2114 438 2174 si
458 2120 597 2173 metuunt
615 2113 745 2188 ospitale
767 2114 969 2190 supplicium,
998 2116 1098 2179 omnia

124 2215 197 2272 sua,
218 2206 253 2259 ut
266 2196 372 2259 vivant
384 2205 509 2274 paratos
522 2195 708 2273 inpensum
729 2203 813 2257 tauta
826 2198 857 2259 iu
869 2197 931 2261 iilis
941 2198 1097 2261 discordia

95 2283 299 2344 aadteotuum
314 2290 370 2343 εει
403 2281 520 2357 Quodsi
533 2287 640 2357 posset
650 2281 908 2357 quemadmodum
919 2284 1096 2359 memerito

122 2382 191 2426 ram
204 2382 353 2426 annorum
368 2367 518 2441 cuiusque
531 2380 677 2426 uumerus
690 2364 838 2441 proposi,
852 2365 899 2429 ste
911 2366 1096 2431 maurorum

125 2451 281 2524 quomodo
302 2451 358 2521 itti,
387 2449 440 2524 qui
463 2465 580 2523 paucos
601 2449 740 2509 viderent
754 2464 938 2525 superesse,
964 2450 1097 2527 aspida·

121 2540 205 2604 rent,
225 2532 382 2606 quomodo
400 2530 458 2591 iilis
476 2538 661 2605 poroereutt
681 2530 775 2607 Atqui
789 2531 879 2593 ioaiie
892 2539 942 2593 ast
957 2532 1096 2609 quamvis

123 2614 267 2687 exiguum
289 2614 486 2688 dispensare,
507 2614 593 2687 quod
607 2621 722 2675 aertum
737 2622 799 2676 est=
826 2614 860 2677 id
872 2615 967 2679 debat
980 2616 1097 2681 servari

93 2694 313 2770 mitigandus,
329 2696 413 2771 quod
428 2697 549 2757 asemas
562 2697 688 2772 quando
700 2696 832 2761 detioiat
851 2697 916 2761 Neo
927 2707 1096 2775 esttamen,

123 2778 209 2855 quod
224 2787 314 2855 putes
329 2780 398 2840 iilos
413 2779 570 2854 ignorare,
590 2796 682 2856 quarn
698 2795 771 2842 cara
781 2797 834 2843 res
849 2782 904 2843 siu
926 2783 1034 2858 disere
1047 2800 1096 2847 so·

123 2863 260 2937 lemeis,
283 2880 363 2940 quos
378 2864 555 2925 valdissime
564 2863 707 2940 diligunt,
728 2872 901 2940 paramese
912 2874 1034 2943 partam
1045 2882 1096 2931 aa·

123 2965 232 3008 norum
252 2965 379 3010 suorum
401 2948 484 3008 dare.
521 2949 596 3009 dent
613 2964 670 3009 ueo
691 2949 882 3024 intellegunta
904 2950 981 3013 daut
997 2958 1096 3013 autam

123 3033 178 3103 ita,
200 3039 234 3091 ut
256 3033 323 3092 sine
342 3031 464 3092 iliorum
485 3032 671 3092 incremento
691 3032 749 3094 sibi
764 3032 933 3093 detrahant.
965 3034 1025 3099 sed
1038 3034 1097 3096 hot

122 3115 238 3187 ipsum,
261 3131 299 3174 an
321 3115 493 3187 detrahant,
513 3116 663 3175 nesciunt
695 3115 766 3177 ideo
786 3115 954 3181 tolerabitis
969 3125 1020 3179 ost
1038 3117 1096 3179 iliis

93 3196 239 3259 sinotum
253 3197 422 3256 detrimenti
443 3198 573 3257 latentis.
604 3197 700 3258 Nemo
714 3199 853 3260 restituet
868 3212 986 3277 annos,
1004 3214 1095 3263 nemo

121 3279 229 3339 iterum
243 3286 274 3339 te
287 3277 341 3340 tibi
355 3279 473 3339 reddet.
495 3280 564 3350 ibit,
587 3295 650 3353 qua
663 3283 779 3356 eoepit,
802 3291 888 3345 aetas
900 3296 959 3347 aea
971 3298 1096 3349 oursum

121 3378 211 3424 suum
233 3370 285 3424 aut
304 3361 462 3423 revocabit
482 3369 535 3421 aut
554 3363 733 3436 supprimet
762 3365 835 3427 nihii
856 3368 1096 3441 tumultuabitur,

120 3446 194 3506 nituit
210 3445 384 3509 admonebit
398 3444 568 3505 velocitatis
583 3459 674 3505 suasa
700 3445 793 3509 taoita
806 3449 935 3512 iubetur.
967 3462 1032 3515 rtou
1046 3450 1096 3531 itia
