2378 3856
196 229 229 289 n.
243 206 332 289 nnn.
348 230 478 292 sunno.
496 232 547 292 ou
565 232 785 294 cnnrmnrm
803 233 876 294 um.
888 237 910 294 1.
933 246 958 298 1.
993 236 1065 301 -277

65 394 67 396 ·
90 381 229 442 strictum
250 381 334 455 apud
353 396 403 440 mc
422 380 534 441 ferrum
555 388 616 455 est,
643 399 761 443 summa
774 375 961 458 parsimonia
975 385 1065 448 etiam

90 464 232 525 vilissimi
253 464 420 538 sanguinis.
450 480 539 524 nemo
560 481 638 540 non,
660 465 709 525 cui
724 465 783 526 alia
797 467 912 543 desint,
932 468 1064 539 hominis

89 548 214 608 nomine
229 546 311 622 apud
325 562 374 607 me
388 548 541 622 gratiosus
555 555 612 609 est.
648 547 848 611 Severitatem
864 551 1013 628 abdilam,
1033 561 1096 626 att

85 630 282 692 clementiam
293 627 323 688 in
334 628 495 706 procinctu
506 630 615 693 habeo.
637 633 682 692 sic
690 648 739 693 me
748 633 897 708 custodio,
909 639 1077 713 tamquam:

90 714 226 789 legibus,
248 728 326 788 quas
341 728 380 773 ex
394 715 455 775 situ
468 731 504 774 ac
518 715 650 775 tenebris
662 715 692 774 in
703 716 803 776 lucem
815 720 957 794 evocavi,
972 719 1063 781 ratio

90 813 161 858 nem
180 796 356 857 redditurus
377 797 443 857 sim.
486 798 619 859 Alterius
640 806 739 859 aetate
752 799 857 874 prima
870 809 970 863 motus
986 807 1064 878 stud,

91 882 216 943 alterius
235 879 350 941 ultima
372 880 464 940 alium
486 879 623 956 dignitati
637 882 767 954 donavi,
788 883 1063 958 aliumhumilitati.

92 964 234 1041 quotiens
255 965 369 1024 nullam
388 964 565 1024 inveneram
585 964 814 1027 misericordiae
832 983 973 1044 causam,
993 969 1064 1031 mihi

90 1049 225 1125 peperci.
260 1047 359 1108 Hodie
374 1048 421 1117 dis
435 1048 660 1124 inmortalibus,
675 1047 702 1110 si
717 1066 798 1111 ame
811 1052 960 1120 rationem
975 1069 1063 1128 repe·

43 1173 47 1186 ,
89 1138 170 1205 tant,
199 1133 399 1192 adnumerare
419 1148 517 1206 genus
536 1132 702 1193 humanum
717 1139 842 1208 paratus
861 1152 939 1194 sum.
973 1137 1095 1199 Potest

89 1216 165 1287 hoc,
188 1214 315 1289 Caesar,
339 1216 484 1276 audacter
498 1217 694 1291 praedicare,
715 1217 816 1276 omnia
832 1219 956 1293 quaein
972 1220 1065 1281 tidem

48 1362 51 1367 ,
90 1299 282 1374 tutelanr[pue
309 1305 390 1359 tuom
413 1305 569 1375 deomant,
600 1300 821 1374 ditiaentr‘ssimo
840 1302 966 1374 forteri,
990 1303 1064 1367 nihil

89 1384 155 1458 per
166 1388 197 1440 te
217 1397 319 1457 neque
338 1383 368 1442 vi
388 1397 490 1457 neque
504 1383 588 1442 'olam
607 1385 851 1458 [domoiparlari
865 1384 1062 1460 reipublicae.

88 1463 286 1526 Rarissimam
305 1466 429 1541 laudem
443 1472 474 1526 et
492 1467 564 1528 nulli
580 1465 867 1541 adhucprincipum
883 1483 1063 1528 concessam

91 1549 275 1624 concupisti,
297 1550 509 1611 innocentiam.
537 1550 604 1611 Nou
617 1549 722 1624 perdis
735 1565 859 1624 operam
870 1567 928 1611 nec
941 1550 1062 1613 bonitas

88 1635 150 1693 ista
175 1639 228 1691 tua
254 1631 418 1708 singularis
437 1632 574 1710 ingratos
600 1641 652 1694 aut
675 1633 826 1707 malignos
851 1635 1063 1696 aestimatores

89 1722 180 1776 nacta
200 1721 256 1776 est.
283 1718 414 1796 retertur
435 1719 613 1793 unigradu:
634 1731 724 1776 nemo
739 1732 819 1777 unus
833 1716 925 1777 homo
941 1719 991 1778 uni
1007 1718 1063 1778 ho-

88 1799 244 1867 minitam
266 1800 359 1861 carus
377 1804 521 1876 umquam
542 1802 597 1862 luit
617 1817 708 1876 quam
730 1807 764 1861 tu
784 1799 904 1876 populo.
913 1802 1062 1876 Romano,

88 1897 231 1958 magnum
253 1884 440 1961 longumque
461 1885 528 1945 eius
548 1884 672 1957 bonum,
707 1883 896 1960 Sed'ingens
914 1885 968 1946 tibi
984 1897 1095 1954 onuso

42 1983 44 1987 ·
88 1965 267 2041 inposuisti=
296 1983 385 2033 nemo
406 1967 465 2028 iam
487 1969 589 2029 divum
604 1971 776 2044 Augustum
792 1970 849 2028 nec
863 1969 973 2028 Tiberii
988 1969 1061 2038 Cae·

91 2050 169 2110 saris
185 2051 282 2123 prima
296 2057 435 2130 tempora
449 2053 592 2127 loquitur.
618 2054 708 2113 nemo
724 2052 810 2127 quod
825 2061 854 2113 te
868 2052 978 2112 imitari
990 2052 1063 2118 velit

90 2134 260 2208 exemplar,
284 2140 369 2195 extra
390 2136 571 2209 te'quaerit:
600 2134 788 2211 principatus
810 2142 880 2194 tuus
902 2134 942 2194 ad
962 2134 1063 2195 obrus-

88 2229 155 2275 sam
185 2217 322 2292 exigitur.
359 2218 489 2279 Dilllcila
509 2218 568 2279 hoc
583 2218 706 2293 luisset,
728 2219 755 2278 si
770 2232 831 2276 non
847 2217 995 2282 naturalis,
1008 2217 1061 2277 tibi

88 2300 148 2359 ista
168 2299 287 2361 bonitas
309 2310 405 2374 esset,
431 2303 486 2362 sed
506 2303 547 2360 ad
567 2307 687 2376 tempus
709 2306 841 2375 sumpto.
868 2293 958 2361 nemo
981 2299 1062 2360 enim

88 2388 193 2459 potest
212 2400 376 2459 personam
398 2385 450 2445 diu
471 2388 559 2445 serre.
591 2384 663 2446 licta
683 2384 742 2444 cito
763 2385 793 2444 in
813 2384 952 2444 naturam
974 2399 1061 2444 suam

86 2466 238 2527 recidunt.
254 2467 379 2542 ‘quibus
400 2471 512 2529 veritas
528 2468 647 2542 subest,
672 2481 827 2543 quaeque,
842 2468 882 2527 ut
895 2469 937 2527 ita
952 2467 1060 2542 dicam,

88 2566 128 2610 ex
150 2551 249 2611 solido
270 2559 469 2627 enascuntur,
491 2561 629 2627 tempore
643 2550 714 2626 ipso
728 2552 759 2610 in
774 2551 872 2611 maius
889 2551 1061 2627 meliusque

87 2633 270 2708 procedunt.
309 2633 451 2710 Magnam
483 2636 586 2696 adibat
612 2637 709 2696 aleam
735 2637 869 2711 populus
893 2635 1090 2709 Romanus‚7
1157 2682 1160 2687 i

89 2733 157 2776 cum
178 2716 325 2777 incertum
343 2727 444 2795 esset,
469 2737 529 2796 quo
552 2737 587 2781 se
601 2724 658 2782 ista
674 2727 725 2781 toa
742 2719 853 2780 nobilis
868 2716 988 2779 indoles
1008 2718 1059 2777 da·
1135 2759 1136 2764 η

86 2806 149 2859 ret:
172 2799 231 2855 iam
251 2808 323 2858 vota
344 2801 468 2874 publica
487 2804 517 2861 in
536 2809 598 2864 tuto
614 2811 693 2863 sunt.
723 2818 781 2861 nec
796 2803 874 2861 enim
889 2798 1060 2874 periculum

88 2891 150 2955 est,
171 2896 210 2940 ne
226 2888 254 2940 te
268 2881 369 2942 subita
385 2883 427 2941 tui
445 2886 545 2958 capiat
559 2885 681 2944 oblivio.
712 2883 797 2943 Facit
812 2882 934 2955 quidem
950 2880 1059 2941 avidos
1105 2914 1107 2918 ·

87 2966 180 3025 nimia
199 2964 326 3025 felicitas
348 2981 405 3025 nec
426 2972 486 3026 tam
507 2971 693 3041 temperatae
713 2965 894 3040 cupiditates
910 2971 982 3025 sunt
995 2980 1059 3024 um·

90 3066 190 3124 quam,
205 3056 238 3110 ut
253 3049 282 3108 in
296 3064 342 3125 eo,
355 3051 439 3124 quod
452 3050 605 3124 contingit,
617 3048 766 3109 desinant.
786 3048 899 3123 gradus
912 3047 1060 3122 amagnis

88 3135 128 3192 ad
149 3133 265 3193 maiora
279 3133 313 3194 lit
328 3141 358 3193 et
374 3150 447 3208 spes
463 3132 695 3209 inprobissimas
711 3128 943 3208 conplectuntur
956 3132 1060 3207 inspe-

87 3224 154 3277 rata
173 3217 326 3278 adsecuti:
351 3219 491 3279 omnibus
512 3225 613 3278 tamen
631 3232 712 3276 nunc
728 3215 846 3276 civibus
861 3217 923 3278 tuis
938 3223 969 3276 et
982 3215 1059 3274 haec

89 3301 244 3363 confessio
266 3301 461 3378 exprimitur,
478 3317 549 3362 csse
570 3302 689 3375 salicae,
713 3309 743 3361 et
763 3302 827 3374 illa,
846 3300 920 3359 nihil
936 3300 995 3358 iam
1010 3295 1058 3356 his

88 3383 238 3444 accedere
256 3384 348 3447 bonis
363 3403 474 3462 posse,
496 3386 555 3446 nisi
570 3392 602 3445 ut
615 3391 763 3461 perpetua
778 3384 848 3446 sint.
882 3383 977 3442 lllulta
990 3382 1058 3441 illos
1072 3388 1091 3442 8

89 3475 202 3543 cogunt
221 3469 261 3528 ad
279 3470 358 3531 hanc
379 3471 619 3545 consessionem,
642 3485 702 3544 qua
719 3470 802 3530 nulla
817 3468 847 3526 in
862 3466 985 3528 homine
999 3471 1056 3525 tar·
