2378 3856
159 201 200 264 52
451 202 484 264 L.
504 202 651 261 ΑΝΝΑΕΙ
674 201 851 265 SENECAE

159 356 319 418 Iracundia
351 355 424 414 nihil
456 355 589 429 amplum
622 355 832 429 decorumque
863 355 994 416 molitur.
1042 365 1153 421 contm

158 441 230 500 mihi
256 439 377 499 videtur
405 437 562 498 veternosi
583 446 613 497 et
639 438 769 498 infelicis
791 438 900 513 animi,
927 438 1150 504 imbecillitatis

158 524 216 584 sibi
238 522 379 595 conscia,
401 536 497 596 saepe
520 523 728 596 indolescere,
751 528 783 581 ut
803 523 980 583 exulcerata
1000 530 1035 583 et
1056 540 1151 601 aegra

158 621 305 681 corpora,
340 621 421 681 quae
448 607 487 666 ad
514 612 613 667 tactus
646 605 821 666 levissimos
846 612 981 680 gemunt.
1030 607 1078 669 lta
1107 611 1151 671 ira

158 689 302 750 muliebre
323 689 454 749 maxime
473 704 510 749 ao
530 689 646 765 puerile
668 689 771 749 vitimn
792 696 848 751 est
889 696 920 751 at
938 689 1048 752 incidit
1068 700 1102 753 et
1120 695 1149 753 in

159 773 253 833 viros.
278 789 347 833 nam
363 771 437 833 viris
459 789 583 848 quoque
606 773 735 848 puerilia
749 787 786 832 ac
800 771 960 833 muliebria
973 782 1050 835 sunt
1063 775 1148 852 iuge

129 857 219 922 tnta.
250 857 328 930 Ouid
350 862 446 930 ergo?
466 871 527 916 uon
548 855 670 932 aliquae
691 870 786 916 voces
807 855 847 915 ab
868 857 954 917 iratis
970 858 1149 923 emittuntur

159 956 239 1016 quae
254 955 366 1014 magno
381 939 514 1000 emissae
528 939 689 999 videantur
703 938 804 1000 animo
817 954 921 999 veram
932 940 1148 1014 ignorantibus

158 1023 419 1097 magnitudinemt
435 1023 535 1098 quatis
550 1021 601 1082 illa
614 1024 680 1082 dira
691 1029 721 1082 et
732 1023 951 1084 abominanda:
968 1022 1146 1100 Oderint,

159 1108 242 1167 dum
264 1113 444 1167 metuant.
477 1105 603 1167 Sullano
623 1105 706 1166 scias
722 1109 828 1168 seculo
843 1105 998 1181 scriptam.
1033 1108 1145 1172 Nescio

159 1198 259 1252 utrum
284 1190 342 1250 sibi
369 1190 458 1264 peius
478 1189 643 1266 optaverit,
669 1197 702 1250 ut
721 1189 793 1251 odio
814 1198 900 1251 esset
918 1206 957 1250 an
978 1198 1012 1252 nt
1036 1193 1144 1255 timori.

160 1273 331 1335 Oderint.
363 1272 500 1334 Occurrit
514 1275 555 1333 illi
570 1275 718 1346 futurum,
733 1279 767 1334 ut
780 1282 977 1348 execrentur,
999 1274 1144 1337 insidien-

158 1367 221 1430 tur,
244 1359 427 1433 opprimant.
458 1357 535 1431 Quid
557 1356 689 1418 adiecit?
710 1357 746 1418 Oi
765 1358 805 1416 illi
822 1358 1045 1432 malefaciant,
1067 1361 1144 1422 adeo

159 1442 273 1515 reperit
293 1442 417 1514 dignum
444 1441 516 1500 odio
537 1443 714 1501 remedium.
750 1440 925 1501 Oderint:
954 1442 1052 1517 quid?
1073 1444 1143 1505 dum

160 1530 307 1598 pareamr
328 1539 400 1583 non.
428 1523 501 1583 dum
522 1524 673 1598 protento
687 1541 758 1584 non.
790 1522 864 1599 quid
877 1532 972 1599 ergot
992 1526 1079 1587 dunt
1098 1529 1144 1587 ti·

130 1614 298 1673 smeant=
314 1607 359 1666 sio
374 1621 431 1666 nec
446 1607 541 1667 amari
553 1608 677 1683 quidem
688 1608 807 1668 vellem.
828 1607 941 1683 blaguo
955 1607 1016 1669 hoc
1031 1611 1143 1673 dietum

159 1690 266 1765 spiritu
281 1697 395 1765 putas?
416 1690 539 1750 falleris.
568 1706 626 1750 nec
641 1691 722 1751 enim
736 1691 911 1765 magnitudo
926 1691 986 1752 ista
999 1701 1066 1767 est,
1087 1696 1142 1756 sed

159 1775 329 1834 inmanitas.
351 1774 417 1833 Non
433 1780 481 1833 est
496 1774 581 1848 quod
595 1774 705 1834 credas
719 1773 916 1836 irascentium
930 1777 1051 1852 verbis,
1067 1794 1141 1855 quo·

159 1873 224 1917 rum
246 1859 390 1931 strepitus
412 1858 528 1932 magni,
548 1858 683 1917 minaces
699 1866 784 1931 sunt,
806 1858 884 1919 intra
902 1875 990 1920 meus
1004 1862 1141 1936 pavidis·

129 1940 244 2008 6sima.
266 1941 328 1999 Nec
343 1941 488 2015 estquod
503 1941 660 2001 existimes
676 1957 781 2001 verum
797 1957 878 2015 esse,
897 1943 980 2019 quod
996 1946 1083 2019 apud
1098 1946 1140 2007 di-

159 2023 360 2084 sertissimum
374 2024 471 2085 virum
487 2023 605 2084 Livium
620 2024 729 2085 dicitur
743 2028 789 2086 uir
802 2029 915 2102 inponit
929 2031 1034 2102 mopsi
1048 2032 1141 2105 macir

157 2125 246 2183 quum
257 2109 412 2171 bouillon
425 2114 527 2184 potest
536 2108 611 2168 illud
622 2109 775 2183 separarit
789 2118 841 2170 aut
853 2119 882 2172 et
892 2112 1006 2172 bonum
1020 2113 1078 2175 erit
1091 2120 1141 2173 aut

159 2209 215 2253 nec
237 2209 392 2269 magnum,
415 2191 485 2268 quia
506 2191 743 2268 magnitudinem
759 2194 850 2254 animi
864 2195 1084 2256 inconcussam
1097 2195 1139 2256 in·

157 2279 267 2353 tettego
289 2284 319 2336 et
335 2278 485 2338 introrsus
506 2276 636 2338 solidam
651 2285 682 2337 et
701 2277 739 2336 ab
754 2276 814 2338 imo
830 2294 935 2353 parem
949 2278 1139 2356 firmamque,

129 2361 256 2434 cqualis
279 2361 382 2422 inesse
403 2361 490 2422 malis
512 2361 641 2436 ingeniis
664 2376 724 2420 nou
746 2369 857 2436 potest.
888 2362 1047 2423 Terribilia
1060 2364 1140 2425 enim

158 2460 230 2502 esse
242 2452 272 2503 et
283 2447 467 2505 tumultuosa
482 2453 511 2504 et
522 2445 652 2506 exitiosa
664 2452 810 2520 possunt:
825 2446 1063 2520 magnitudinem
1076 2447 1139 2523 qui·

158 2524 244 2598 dem,
265 2527 353 2586 cuius
373 2528 595 2587 firmamentum
615 2529 772 2604 roburque
786 2528 907 2590 bonitas
923 2535 985 2604 est,
1008 2547 1072 2591 uon
1086 2531 1139 2590 ba·

157 2608 281 2667 bebuut.
311 2618 443 2669 ceterum
466 2626 623 2684 sermone,
645 2619 757 2671 conatu
777 2621 808 2672 et
828 2614 909 2673 omni
929 2621 1017 2674 extra
1031 2622 1140 2690 paratu

130 2690 270 2763 glaciem
283 2693 500 2767 magnitudinis
514 2692 616 2755 fidem.
648 2697 829 2770 eloquentur
844 2697 973 2772 aliquid,
998 2699 1084 2772 quod
1107 2706 1140 2758 tu

158 2773 260 2849 magni
276 2782 382 2850 putes,
398 2774 478 2837 sicut
493 2777 523 2837 O·
541 2777 668 2852 Caesar,
689 2777 741 2854 qui
756 2780 850 2840 iratus
866 2781 968 2852 coelo,
985 2782 1071 2856 quod
1086 2782 1139 2843 ob-

157 2865 343 2933 streperetur
358 2860 567 2935 pantomimis,
584 2878 662 2936 quos
677 2862 849 2922 imitabatur
862 2863 1032 2925 studiosius
1048 2881 1140 2941 quam

157 2944 329 3018 spectabat,
353 2944 498 3021 quodque
513 2945 697 3006 comessatio
712 2962 769 3006 sua
785 2945 960 3007 fulminibus
976 2954 1141 3010 terreretur

157 3041 285 3099 prorsus
301 3044 407 3102 parum
424 3029 529 3100 certis,
551 3030 591 3088 ad
612 3045 745 3104 pugnam
766 3031 889 3091 vocavit
905 3031 1011 3091 lovem
1029 3040 1060 3093 et
1073 3033 1139 3108 qui·

157 3109 226 3168 dem
243 3108 310 3170 sine
325 3109 486 3185 missione,
500 3111 694 3173 Homericum
715 3111 798 3174 illurn
813 3115 989 3175 exclamans
1004 3131 1139 3189 versum,

453 3188 497 3253 Ἤ
506 3187 534 3272 μ’
550 3185 660 3274 ἀνάειρ’
675 3188 696 3275 ἢ
710 3187 767 3275 ἐγὼ
782 3195 822 3259 σί.
949 3258 955 3270 ,

129 3275 274 3349 OOuanta
295 3276 445 3337 dementia
460 3278 529 3339 luit!
548 3279 665 3352 putavit
681 3288 733 3340 aut
752 3281 811 3341 sibi
831 3281 936 3342 noceri
956 3298 996 3343 ne
1010 3282 1050 3341 ab
1066 3283 1138 3343 love

157 3360 281 3433 quidem
296 3376 391 3434 posse
406 3368 459 3420 aut
472 3377 507 3421 se
522 3377 634 3422 nocere
649 3364 739 3423 etiam
755 3364 820 3425 Iovi
841 3380 947 3438 posse.
979 3382 1042 3427 non
1064 3372 1137 3442 puto

156 3458 263 3518 parum
284 3445 426 3504 momenti
446 3445 525 3505 bano
546 3445 612 3505 eius
632 3462 740 3507 vocem
754 3447 795 3507 ad
810 3447 981 3509 incitandas
996 3450 1136 3512 coniura-
