2378 3854
336 457 369 536 ι.
389 415 528 539 rrum
550 455 721 542 sumum

203 603 568 708 annotaturi
598 603 771 698 tinnit
799 607 868 702 tit.

422 777 467 834 nl>
486 777 637 833 subudum

293 895 336 960 tid
351 893 638 970 manumittenti
654 897 767 967 dmi.

457 1040 609 1053 *nn—-

100 1148 124 1207 i.
157 1144 329 1222 [Semnus]
358 1145 524 1220 Inquirenti
548 1146 620 1206 mihi
645 1148 676 1206 in
700 1163 749 1208 me
775 1147 927 1222 quaedam
949 1149 1049 1212 vitial

60 1229 231 1307 dparebeut
249 1234 379 1302 retecta,
404 1229 434 1288 iu
456 1237 563 1304 aperto
588 1231 703 1305 posita,
730 1245 811 1305 quae
824 1247 917 1290 manu
930 1247 1020 1306 pren-

60 1330 160 1386 erem‚
177 1312 329 1388 quaedam
344 1311 525 1374 obscuriora
538 1321 569 1374 et
583 1313 615 1373 in
629 1328 772 1390 recessu,
794 1313 946 1389 quaedam
960 1331 1021 1376 uon

60 1399 200 1470 cntinuo,
216 1397 272 1456 sed
287 1411 327 1455 ex
343 1397 510 1458 intervallis
524 1397 698 1472 redeuntia,
714 1413 793 1477 quae
806 1398 854 1458 vei
868 1399 1021 1459 molestis·

60 1484 116 1543 ima
138 1480 284 1552 dixerim,
310 1486 343 1539 ut
362 1479 468 1540 hostes
488 1496 586 1556 vagos
608 1487 638 1543 et
654 1497 693 1542 ex
707 1480 923 1545 occasionibus
938 1482 1021 1544 adsi-

60 1575 163 1639 entes,
189 1579 245 1639 per
265 1579 345 1638 quos
366 1563 508 1624 neutrum
527 1565 612 1640 licet,
638 1577 695 1626 nec
715 1574 869 1644 tamquam
889 1567 920 1626 in
939 1566 1020 1628 belia

61 1656 179 1711 aratum
194 1663 267 1708 esse
281 1662 339 1706 nec
349 1654 505 1723 tamquam
516 1649 547 1708 in
560 1665 639 1724 pace
650 1665 801 1711 securum.
827 1651 910 1710 iilum
921 1657 1050 1712 amena

60 1734 173 1795 abitum
189 1732 220 1791 in
237 1743 287 1790 me
300 1731 432 1792 maxime
448 1732 606 1806 deprendo
620 1741 729 1810 (quere
744 1733 825 1793 eninr
838 1749 901 1793 non
915 1748 1022 1793 verum

61 1816 212 1878 tmedico
233 1815 369 1886 fatuari)
394 1829 452 1874 nec
477 1814 557 1877 bona
582 1816 644 1877 fide
669 1818 826 1878 liberatum
852 1816 915 1889 eis,
941 1833 1021 1893 quae

62 1901 183 1961 mabam
204 1905 235 1959 et
257 1897 399 1972 oderam,
420 1913 478 1958 nec
497 1914 606 1961 rursus
628 1901 803 1962 obnoxium.
831 1901 864 1960 in
889 1908 969 1962 statu
989 1910 1023 1961 ut

61 2001 100 2046 on
118 1982 265 2059 pessimo,
281 1981 323 2041 ita
337 1982 468 2042 maxime
482 1985 610 2058 querulo
625 1992 656 2044 et
669 2000 793 2046 moroso
805 1985 1020 2058 positus'sum

61 2083 98 2129 ec
111 2073 240 2141 aegroto
256 2079 314 2124 nee
327 2065 426 2126 valeo.
458 2066 524 2125 Non
540 2076 596 2139 est,
613 2069 698 2142 quod
713 2066 799 2127 dicas
814 2068 947 2127 omnimn
963 2067 1050 2130 vir-3

60 2161 139 2212 itum
160 2157 266 2210 tenera
286 2163 357 2208 esse
378 2149 544 2223 principia,
570 2159 709 2224 tempore
730 2150 789 2210 iliis
810 2151 1020 2210 duramentum

59 2235 185 2296 trobur
206 2233 366 2292 accedere.
394 2248 456 2292 non
480 2234 588 2308 ignore
614 2232 704 2293 etiam
730 2249 810 2308 quae
835 2232 1021 2307 inspeciem

59 2319 195 2391 rborant,
217 2315 392 2390 dignitatem
413 2317 483 2376 dico
505 2323 536 2376 et
555 2317 749 2390 eloquentiae
769 2317 880 2375 sarnam
895 2323 925 2377 et
938 2317 1020 2392 quic·

60 2403 115 2476 uid
129 2401 170 2461 ad
185 2401 315 2460 alienum
330 2399 510 2474 suffragium
524 2401 621 2476 venit,
643 2415 729 2460 mora
742 2400 971 2461 convalescere.
993 2410 1023 2461 et

60 2501 121 2560 uae
138 2499 230 2544 veras
243 2483 326 2543 vires
342 2490 451 2558 peram
465 2490 495 2543 et
509 2499 590 2559 quae
603 2484 643 2544 ad
659 2484 843 2559 placendum
859 2484 930 2546 iuco
946 2502 1020 2561 quo-

62 2586 109 2630 am
139 2568 360 2640 subornantur,
392 2575 574 2641 exspectant
605 2584 718 2643 annos,
749 2569 850 2630 donec
877 2570 1022 2646 paulatim

60 2655 178 2714 olorem
198 2649 379 2711 diuturnitas
401 2649 501 2710 ducat.
532 2652 589 2712 sed
610 2668 667 2728 ego
689 2668 813 2728 vereor,
834 2669 874 2715 ne
892 2668 1022 2714 consue·

60 2737 131 2810 ido,
158 2750 239 2811 quae
262 2732 356 2794 rebus
383 2733 481 2794 adfert
504 2737 720 2807 constantiam,
745 2736 805 2795 hoc
824 2736 929 2796 vidum
951 2735 1023 2794 mihi

59 2821 131 2880 ltius
147 2819 230 2892 figat.
259 2825 320 2877 tam
341 2817 489 2877 maiorum
510 2835 601 2892 quam
620 2818 770 2880 bonorum
788 2819 882 2890 ionga
895 2831 1022 2877 conver·

59 2905 120 2964 atio
145 2916 281 2962 amorem
303 2900 409 2961 induit.
443 2899 526 2960 Haec
547 2901 638 2960 animi
658 2902 737 2960 inter
756 2906 920 2974 utrumque
939 2896 1052 2960 dubiii

60 3001 98 3046 ‚ec
120 2987 162 3045 ad
183 2991 268 3044 recta
290 2984 407 3044 fortiter
427 3000 483 3044 nec
505 2987 546 3046 ad
566 3000 662 3059 prava
685 2982 839 3058 vergentis
864 2981 1023 3043 infirmitas
1036 3001 1068 3027 ν

60 3071 142 3144 qualis
165 3069 220 3143 sit,
247 3084 308 3128 non
328 3075 389 3126 tam
411 3069 506 3126 semel
524 3068 578 3129 tibi
602 3082 729 3144 possum
743 3083 835 3142 quam
849 3082 906 3143 per
919 3073 1023 3145 partes

60 3154 217 3213 utendam.
248 3151 348 3210 dicam
369 3166 449 3225 quae
469 3151 609 3240 accidant
629 3151 716 3212 mihir
736 3158 770 3212 tu
783 3150 890 3212 morbo
912 3166 1024 3212 nornen

60 3237 192 3297 naenias.
221 3235 315 3294 Tenet
334 3249 383 3294 me
404 3249 541 3295 summus
562 3251 649 3297 amor
669 3233 890 3311 parsimoniae,
916 3236 1052 3293 feteant

60 3318 151 3381 deaei·
166 3336 231 3380 non
256 3319 286 3378 in
313 3316 506 3377 ambitionem
530 3318 631 3387 cubile
656 3319 867 3394 conpositum,
897 3331 959 3374 non
984 3329 1025 3373 cx

60 3405 146 3465 route
161 3402 282 3479 prolata
301 3400 412 3475 vestis,
431 3416 493 3460 non
513 3402 701 3477 ponderibus
724 3416 759 3461 ac
774 3399 854 3458 milia
868 3398 1023 3460 tormentis
