2378 3856
228 215 330 277 ulau.
351 216 390 273 V.
421 214 473 275 DE
490 215 558 276 uta
579 213 651 275 LlB.
672 209 722 273 ΙΙΙ.Ι
743 223 864 278 aa-at.
972 213 1033 279 103

58 383 121 429 non
142 365 243 442 possit
261 381 301 424 an
322 364 411 424 nolite
430 354 548 424 'nrultos
564 363 775 437 absolvemus,
797 365 825 424 si
840 365 1035 441 coeperimus

57 456 130 512 anta
144 449 280 511 iudicare
300 462 392 523 quarn
405 446 505 508 irasci.
534 446 622 507 Nunc
639 454 740 507 nutem
755 447 883 522 primurn
897 448 1037 524 inpetum

58 534 226 610 sequimur.
252 530 365 592 deinde
386 528 526 605 quamvis
539 545 620 590 vana
634 547 691 591 nos
706 530 941 605 concitaverint,
963 547 1033 608 per·

58 633 254 689 severamas,
279 627 318 674 ne
338 614 497 674 videamur
515 613 660 689 coepisse
680 613 748 674 sine
767 628 872 675 causa.
904 623 935 676 et
949 616 1034 692 quod
1057 608 1059 620 ”

58 700 271 776 inquissimam
292 705 354 770 est,
379 696 599 772 pertinaciores
626 712 684 758 nos
709 695 781 757 iacit
799 696 943 774 iniquitas
959 700 1033 759 uae.

59 785 225 844 retinemus
240 781 320 842 enim
340 782 421 841 illam
437 787 468 840 et
484 795 646 855 augemus,
668 781 757 856 quasi
770 791 980 855 argumentum
994 783 1035 844 sit

59 868 140 928 iuste
153 866 312 927 irascentis
328 864 460 939 navim
474 863 574 924 irasci.

121 949 212 1014 XXX.
234 948 352 1024 Quanto
367 949 475 1008 melius
494 954 542 1008 cst
561 947 644 1008 initia
661 947 730 1022 ipsa
751 949 928 1023 perspicere
943 965 1033 1023 quam
1048 966 1062 1017 l

59 1033 140 1093 levia
160 1033 234 1104 sint,
256 1047 348 1108 quam
369 1031 513 1091 innoxia?
540 1030 627 1104 Quod
643 1029 784 1091 accidere
798 1031 886 1092 vides
901 1032 955 1109 [in]
970 1033 1033 1091 ani·

57 1116 189 1176 malibus
204 1117 302 1188 mutis,
318 1115 400 1176 idem
413 1115 444 1174 in
459 1114 582 1174 homine
595 1114 826 1188 deprehendes:
841 1114 958 1176 irivolis
971 1123 1033 1176 tur·

59 1201 168 1259 bamur
180 1207 211 1260 et
225 1198 379 1260 inanibus.
406 1205 525 1258 taurum
540 1199 626 1257 color
639 1196 829 1257 rubicundus
844 1197 971 1272 excitat,
994 1201 1035 1260 ad

58 1282 196 1343 umbram
210 1284 296 1358 aspis
311 1281 463 1356 exsurgit,
478 1295 569 1340 ursos
586 1280 753 1352 leonesque
769 1296 881 1355 mappa
898 1281 1034 1355 proritat.

60 1366 161 1426 omnia
176 1381 256 1440 qaae
270 1372 379 1428 natura
393 1365 458 1423 iera
471 1378 509 1422 ac
523 1362 631 1422 rabida
645 1367 728 1433 sunt,
746 1369 980 1424 consternantur
994 1366 1035 1425 ad
1092 1388 1093 1392 ¹

58 1465 148 1508 vana.
177 1449 261 1508 Idem
283 1445 426 1520 inquietis
447 1452 478 1506 et
497 1443 617 1507 stolidis
638 1446 768 1519 ingeniis
791 1448 902 1507 evenit.
932 1455 1063 1508 remma

60 1533 239 1607 suspicione
254 1529 417 1600 feriuntur,
441 1529 518 1590 adeo
532 1529 671 1604 quidem,
692 1537 725 1588 ut
744 1530 893 1589 interdum
908 1529 1033 1592 iniurias

60 1621 173 1675 vocent
186 1614 307 1675 modica
320 1612 485 1684 beneficia,
502 1613 532 1671 in
549 1613 659 1688 quibus
673 1612 936 1688 frequentissima,
953 1621 1034 1676 certe

58 1697 259 1758 acerbissima
272 1697 447 1757 iracundiae
460 1696 585 1756 materia
600 1703 656 1756 est.
684 1695 852 1757 carissimis
875 1697 955 1757 enim
976 1699 1034 1757 ira·

61 1781 183 1853 scimur,
200 1780 284 1855 quod
298 1780 416 1840 minora
430 1780 519 1840 nobis
533 1779 736 1856 praestiterint
748 1796 838 1855 quam
850 1790 951 1841 mente
963 1797 1035 1841 con·

60 1863 368 1939 cepimus‘quamque
383 1863 432 1923 alii
452 1863 590 1923 tulerint=
611 1879 681 1923 cum
700 1864 862 1938 utriusque
881 1865 926 1923 rei
947 1880 1035 1940 para·

60 1956 123 2006 turn
140 1946 307 2007 remedium
322 1947 369 2007 sit.
402 1947 500 2021 Magis
515 1945 601 2007 alteri
615 1947 754 2007 indulsit:
774 1954 880 2007 nostra
894 1964 952 2008 nos
967 1949 1062 2010 sines

60 2030 453 2104 conparationedclectent.
472 2046 638 2106 numquam
653 2030 710 2090 erit
723 2030 798 2091 felix
809 2047 900 2106 quem
911 2039 1035 2106 torque·
1139 2098 1145 2106 ‚
1174 2022 1176 2032 '

59 2114 105 2173 bit
125 2113 250 2173 felicior.
286 2114 385 2172 minus
407 2112 506 2173 habeo
527 2129 620 2188 quam
649 2114 789 2189 speravi=
824 2115 881 2173 sed
903 2115 1036 2174 tortasse

60 2198 131 2271 plus
153 2196 276 2269 speravi
299 2211 389 2270 quam
406 2194 507 2256 debui.
535 2196 619 2254 llaec
635 2212 708 2270 pars
729 2197 860 2255 maxime
873 2197 1037 2257 metuenda

61 2287 119 2339 est.
148 2277 219 2338 hinc
235 2277 515 2353 perniciosissimae
535 2277 599 2338 irae
617 2286 784 2338 nascuntur
800 2286 829 2338 et
844 2279 1038 2339 sanctissima

61 2376 205 2436 quaeque
225 2363 397 2421 invasurae.
431 2361 540 2421 Divum
559 2359 670 2421 lulium
699 2362 802 2436 plures
822 2360 911 2421 amici
935 2362 1068 2424 conse-4

61 2452 168 2504 cerunt
183 2460 274 2519 quam
288 2443 414 2515 inimici,
439 2460 568 2520 quorum
589 2460 651 2503 non
667 2444 845 2520 expleverat
861 2460 934 2519 spes
950 2447 1034 2506 inex-

61 2527 200 2602 plebiles.
221 2528 317 2589 voluit
331 2527 454 2602 quidem
466 2528 525 2602 ille,
540 2527 736 2603 nequeenim
751 2527 913 2604 quisquam
927 2529 1035 2589 libera·
1088 2558 1089 2562 =
1171 2527 1176 2541 '

61 2609 121 2669 lius
142 2611 270 2671 victoria
291 2626 368 2671 usus
391 2619 453 2683 est,
476 2627 515 2671 ex
536 2627 596 2686 qua
617 2612 690 2672 nihil
711 2612 769 2672 sibi
791 2612 957 2673 vindicavit
976 2612 1036 2672 nisi

61 2693 263 2768 dispensandi
291 2702 483 2769 potestatem.
519 2696 575 2755 sed
607 2695 864 2771 quemadmodum
892 2697 1036 2757 sufficere

61 2783 122 2835 tam
137 2777 275 2851 inprobis
290 2778 452 2839 desideriis
473 2785 596 2854 posset,
618 2794 687 2838 cum
707 2785 820 2838 tantum
840 2795 945 2839 omnes
963 2795 1035 2840 con-

61 2860 264 2933 cupiscerent,
282 2869 427 2934 quantum
441 2877 521 2922 unus
535 2867 677 2936 poteratt
705 2861 789 2920 Vidit
804 2862 907 2935 itaque
924 2862 1064 2928 strictis5

62 2943 145 3001 circa
165 2942 272 3001 sellam
292 2959 378 3003 suam
398 2943 509 3018 gladiis
531 2943 753 3003 commilitones
769 2958 859 3016 suos,
885 2942 1037 3003 Cimbrum

60 3026 188 3099 Tillium,
203 3025 381 3085 acerrimum
395 3028 488 3100 paulo
503 3032 572 3085 ante
585 3025 714 3099 partium
727 3024 929 3100 defensorem,
946 3027 1036 3087 alios-

63 3124 124 3182 que
140 3114 211 3184 post
222 3106 400 3184 Pompeium
414 3109 535 3168 demum
544 3107 757 3182 Pompeianos.
773 3108 856 3168 llaec
871 3125 920 3169 res
936 3126 993 3171 sua
1007 3111 1037 3169 in

62 3207 152 3265 reges
179 3207 263 3252 arma
284 3192 434 3252 convertit
453 3191 683 3266 fidissimosque
707 3206 745 3253 eo
766 3193 917 3267 conpulit,
943 3201 977 3255 ut
998 3195 1037 3254 de

62 3281 159 3335 morte
178 3291 286 3335 eorum
309 3275 490 3349 cogitarent,
514 3290 570 3349 pro
587 3275 699 3349 quibus
722 3282 751 3334 et
770 3284 840 3337 ante
861 3293 941 3351 quos
961 3276 1038 3336 mori

65 3363 167 3416 votum
183 3358 361 3419 habuerant.

126 3439 231 3501 XXXI.
252 3440 331 3502 Nulli
353 3442 393 3502 ad
414 3442 513 3503 aliena
530 3440 707 3516 respicienti
730 3457 787 3501 sua
807 3441 939 3517 placent.
967 3439 1067 3502 iudei
