2378 3856
121 206 184 273 272
408 208 441 267 L.
463 206 609 267 ANNAEl
630 204 807 265 SENECAE

119 360 285 435 doquidcm
304 358 394 417 divus
409 357 552 417 claudius
568 356 680 417 occidit
695 370 839 417 socerum
854 372 951 417 suurn
963 358 1099 435 Appium

119 444 264 513 Silanum,
279 456 413 515 gcnercs
424 440 513 513 duos,
527 439 672 515 Magnum
679 438 861 514 Pompeium
867 446 900 499 at
907 440 944 501 L.
952 440 1097 516 Silanum

118 542 260 589 socerum
275 524 357 585 tiliae
374 540 449 585 sune
464 524 623 595 crassum,
649 522 730 597 iurgi
743 522 920 597 bominem,
940 530 1007 589 tum
1020 528 1098 587 siuri-

118 612 177 671 lem
193 610 252 671 sibi
267 624 359 683 quarn
375 625 435 669 ovo
447 623 556 679 ovum,
571 605 762 669 Scriboniam
777 622 904 667 socrum
918 606 1007 669 tiliae
1017 624 1095 681 succ

117 708 245 753 uxorem
266 708 354 752 suam
373 691 571 753 Messalinam
592 698 622 750 et
641 698 778 765 ceteros,
802 706 939 767 qnorum
952 708 1095 755 uumerus

116 778 185 838 iniri
203 792 264 837 non
283 777 395 851 potuit:
423 777 524 850 placet
542 774 615 833 mibi
635 776 665 835 in
682 790 753 835 eum
769 788 882 837 savera
895 775 1095 839 animadverti

118 860 241 921 necilli
267 874 367 919 rerum
393 858 624 919 iudicandarum
654 858 845 919 vacationum
871 858 943 921 dari
965 874 1095 937 cumque

118 944 342 1018 quamprimum
363 942 519 1015 exportari
537 949 567 1000 et
587 943 674 1002 coelo
690 942 770 1003 intra
782 942 908 1017 triginta
922 941 996 1005 dics
1010 960 1093 1005 exce-

87 1028 204 1098 oderc‚
228 1025 360 1101 Olympo
372 1025 451 1085 intra
465 1024 545 1084 diem
559 1026 709 1085 tertium.“
735 1024 869 1085 Pedibus
884 1026 918 1085 in
931 1024 1017 1089 banc
1030 1044 1091 1089 acu·

115 1110 237 1169 lentiam
252 1108 325 1167 itum
339 1117 396 1167 est.
417 1108 480 1167 Nec
494 1124 595 1179 mora,
613 1108 768 1185 Cyllenius
782 1108 867 1171 illum
877 1110 963 1173 collo
976 1110 1091 1173 obtorto

115 1192 206 1252 trahit
220 1193 261 1251 ad
275 1192 401 1266 interos,

302 1279 374 1339 alac
388 1278 467 1338 unde
481 1284 593 1351 nepum
605 1277 707 1337 redire
718 1290 907 1350 quemquam.

84 1371 98 1422 1
176 1360 240 1419 llll.
262 1360 341 1420 Dum
361 1360 553 1421 descendunt
574 1359 730 1434 perviam
756 1374 894 1433 sacram,
928 1360 1090 1436 interrogat

114 1443 300 1515 Mercurius,
323 1444 398 1518 quid
413 1444 471 1504 sibi
486 1445 558 1505 velit
574 1444 624 1503 illc
640 1458 810 1503 concursus
822 1441 1004 1521 bominum,
1025 1460 1089 1505 num

115 1526 232 1585 claudii
256 1529 348 1587 lunus
369 1535 474 1589 esset?
502 1528 541 1589 Et
561 1533 626 1587 erut
639 1526 775 1588 omnium
789 1526 1090 1589 formosissimumet

114 1610 245 1684 inpensa
266 1626 354 1683 curu,
383 1612 474 1684 plane
495 1621 529 1672 ut
548 1611 645 1671 scires
667 1612 759 1670 deum
778 1609 898 1671 efferris
925 1610 1089 1685 tibicinum,

115 1693 318 1767 cornicinum,
343 1696 441 1755 omnis
456 1695 578 1768 generis
592 1700 787 1755 aeneatorum
799 1700 885 1755 tanta
898 1694 1007 1769 turba,
1028 1704 1088 1757 tuu-

85 1784 163 1841 atus
179 1785 363 1851 concentum
387 1788 420 1838 ut
433 1777 523 1839 ctiam
540 1777 683 1839 Claudius
699 1776 806 1837 audire
820 1786 941 1852 posset.
980 1776 1088 1839 Omnes

114 1860 199 1931 laeli,
228 1860 351 1920 hilares.
383 1862 523 1936 'populus
548 1862 705 1921 Romanus
731 1859 907 1922 ambulabat
936 1869 1087 1938 umquam

112 1941 203 2000 liber:
227 1943 347 2016 Agatho
364 1952 395 2003 et
408 1943 498 2018 pauci
514 1944 661 2005 causidici
675 1943 851 2020 plorabant,
872 1945 933 2005 sed
945 1946 1040 2021 plane
1052 1961 1089 2005 ex

113 2026 223 2085 animo.
245 2025 456 2087 Iurisconsulti
471 2042 490 2086 e
502 2028 636 2088 tenebris
647 2028 870 2103 procedebant,
883 2028 1010 2103 pallidi,
1024 2044 1089 2105 gra·

114 2109 203 2182 ciles,
228 2111 279 2169 vix
300 2110 432 2171 animani
451 2110 614 2183 habentes,
637 2120 792 2187 tamquam
815 2110 868 2187 qui
885 2114 1090 2177 cummaxime

112 2192 340 2255 reviviscerent.
373 2194 420 2254 Ex
435 2194 483 2255 his
498 2212 579 2257 unns
594 2211 663 2256 curn
675 2195 803 2256 vidisset
815 2196 918 2271 capita
929 2198 1089 2259 conlcrcu·

112 2283 159 2334 tes
179 2284 209 2335 el
230 2280 368 2339 lorlunas
390 2295 463 2339 suas
486 2280 682 2355 deplorantes
702 2278 893 2353 causidicos,
918 2280 1044 2343 acccdit
1062 2288 1090 2341 et

113 2359 172 2418 ait:
208 2362 369 2435 „dicebam
392 2363 504 2435 vobis,
537 2379 599 2423 non
625 2378 748 2438 semper
772 2361 948 2423 Saturnalia
972 2368 1091 2429 cruut“

113 2441 257 2504 claudius
286 2453 318 2505 ut
346 2447 422 2507 vidit
446 2447 538 2508 iunns
564 2464 672 2521 suum,
706 2446 853 2509 intellexit
876 2462 914 2506 sc
937 2456 1090 2511 mortuum

112 2540 193 2584 esse.
223 2527 335 2600 ingenti
354 2530 434 2589 enirn
454 2530 677 2613 μεγαληγορίᾳ
698 2530 808 2591 naenia
822 2530 1006 2595 conabatur
1019 2548 1089 2597 urta·

111 2608 242 2680 paestis=

193 2692 430 2766 Funditefletus,
690 2700 851 2759 Illecr‘tato

194 2775 282 2834 Edita
297 2779 445 2851 planctus,
698 2784 824 2843 Vincere
835 2798 929 2842 cursu

195 2860 455 2936 [Fannianorum]
690 2867 812 2927 Poterat
822 2867 943 2938 celeres,

193 2943 319 3005 Resonet
332 2949 410 3007 uasti
689 2949 747 3010 Ille
759 2950 882 3010 rebelles

172 3027 462 3103 sclamoresorum:
659 3032 977 3095 inmundiciarum

196 3109 443 3187 Ceciditpulclrre
688 3116 968 3191 memuesepot

195 3192 339 3254 cordatos
353 3197 444 3271 homo,
689 3201 893 3261 Porsinnam

195 3275 257 3346 Quo
271 3294 329 3337 non
344 3281 422 3339 alius
558 3280 566 3292 ‘
691 3284 835 3359 Certaque
848 3300 941 3344 muno

194 3360 311 3421 Fciam
326 3368 381 3423 toto
693 3368 972 3441 renuereneroum,

162 3465 184 3500 o
194 3444 312 3504 Fortior
324 3448 401 3506 orbe.
655 3451 938 3528 soouipraeoipttes
