2378 3856
157 219 219 282 rso
350 217 383 276 r.
405 214 551 275 annau
574 181 750 273 suuucan
769 212 871 272 our..
888 212 941 271 vr.

155 372 205 431 nis
219 387 297 431 usus
313 367 403 429 nobis
418 369 537 427 illorum
558 372 588 424 et
602 372 789 439 corispectus
804 372 929 440 ereptus
951 364 1009 425 sita
1032 367 1144 441 opinio

156 463 204 515 est
225 469 307 528 ergo,
330 466 410 527 quae
429 466 487 510 nos
507 448 622 509 cruciat
642 456 673 508 et
692 446 765 507 anti
788 445 934 523 quodque
947 449 1067 510 malum
1084 458 1143 523 est,

157 538 263 613 quanti
278 536 350 596 illud
365 531 548 594 eravimus.
570 533 604 591 ln
616 538 721 591 nostra
733 536 884 605 potestate
896 531 1074 594 remedium
1088 533 1142 593 ha-

156 622 280 680 bemus:
308 618 477 677 iudicemus
496 617 565 676 illos
585 614 697 675 abesse
711 620 742 673 et
762 620 882 675 nosmet
902 615 964 691 ipsi
986 616 1143 678 fallamus.

124 703 326 765 rdimisimus
348 701 430 772 illos,
456 701 547 759 immo
569 698 762 759 consecuturi
782 698 1007 773 praemisimus.
1036 700 1145 762 llovet

157 795 187 845 et
200 785 276 847 illud
290 786 457 860 lugentem
484 798 566 854 „uon
581 780 639 842 erit
654 782 706 856 qui
721 796 769 840 me
785 781 939 854 defendat,
961 782 1015 857 qui
1031 800 1052 844 a
1066 799 1142 845 con·

158 877 273 944 temptu
293 868 453 927 vindicet“
481 866 521 927 Ut
540 865 661 925 minime
677 863 841 939 probabili,
863 864 920 924 sed
935 880 1011 926 vero
1027 870 1142 929 solatio

157 961 234 1023 utar,
254 953 283 1010 in
300 951 420 1009 civitate
435 955 541 1008 nostre
555 949 623 1022 plus
637 947 753 1022 gratiae
768 947 883 1008 orbitas
905 949 1026 1010 coniert
1047 968 1141 1026 quam

157 1035 254 1109 eripit,
267 1033 408 1107 adeoque
420 1037 607 1091 senectutem
618 1031 761 1104 solitudo,
774 1045 855 1106 quae
865 1031 988 1093 solebat
997 1033 1139 1096 despue-

157 1133 205 1189 re,
220 1117 260 1175 ad
276 1114 439 1190 potentiam
455 1115 546 1188 ducit,
563 1120 597 1174 ut
611 1112 734 1189 quidam
750 1114 824 1175 odia
842 1114 976 1176 tiliorum
995 1117 1142 1179 simulent

125 1208 187 1265 eet
200 1200 315 1261 liberos
334 1202 451 1260 durent
464 1205 495 1258 et
518 1197 676 1259 orbitatem
696 1214 789 1259 manu
808 1197 930 1259 faciant
966 1197 1042 1261 Scio
1065 1202 1139 1277 quid

159 1284 262 1344 dicas:
283 1300 364 1358 „non
378 1290 503 1343 movent
516 1297 565 1341 me
580 1281 760 1342 detrimenta
773 1287 872 1341 mea.“
895 1283 1007 1343 etenim
1015 1298 1081 1346 non
1092 1292 1142 1345 est

158 1367 269 1442 dignus
283 1365 402 1439 solatio,
418 1366 472 1442 qui
485 1365 581 1425 filium
596 1364 654 1424 sibi
667 1364 844 1425 decessisse
857 1364 938 1425 sicut
951 1368 1140 1444 mancipium

158 1452 287 1511 moleste
298 1453 364 1520 fert,
380 1450 430 1510 cui
441 1449 606 1523 quicquam
618 1448 647 1506 in
661 1448 723 1508 illio
734 1448 890 1523 respicere
901 1456 1026 1524 praeter
1036 1452 1140 1527 ipsum

159 1539 262 1592 vacat:
281 1532 355 1606 quid
370 1532 459 1605 igitur
473 1540 512 1603 te,
533 1529 662 1602 Marcia,
684 1538 808 1592 movett
827 1539 927 1592 utrum
948 1534 1036 1608 quod
1057 1536 1141 1597 tilius

159 1626 229 1677 tuus
245 1615 386 1686 decessit,
407 1630 447 1673 an
463 1614 547 1690 quod
568 1629 628 1673 non
650 1615 703 1676 diu
721 1613 817 1675 vixitt
838 1614 865 1676 si
887 1617 972 1689 quod
993 1616 1139 1691 decessit,

126 1714 144 1767 l
159 1714 282 1774 semper
291 1698 423 1760 debuisti
435 1698 549 1757 dolere.
573 1712 696 1771 semper
706 1698 788 1758 enim
799 1698 885 1758 scisti
895 1699 983 1759 mori.
998 1699 1141 1776 Cogita

159 1782 277 1842 nullis
293 1781 517 1841 defunctum
533 1781 646 1840 malis
661 1780 797 1855 adlici,
820 1782 872 1841 illa
892 1785 1139 1857 qnaenobisin·

158 1867 241 1925 leros
254 1865 368 1924 iaciunt
379 1863 537 1937 terribiles,
550 1862 681 1923 labulam
693 1880 773 1938 esse,
787 1865 887 1925 nullas
899 1866 1049 1927 inminere
1057 1884 1139 1929 mor·

159 1947 219 2006 tuis
243 1948 384 2007 tenebras
406 1961 463 2006 nec
487 1963 641 2008 carcerem
661 1963 718 2008 neo
738 1947 864 2008 flumina
884 1948 955 2024 igne
976 1949 1141 2025 domnae

159 2046 217 2090 nec
231 2029 393 2092 oblivionis
408 2046 529 2090 amnem
543 2046 601 2090 nec
617 2029 779 2091 tribunalia
793 2038 823 2092 et
837 2047 908 2093 reos
930 2040 959 2092 et
978 2033 1011 2092 iu
1031 2034 1085 2094 illa
1106 2036 1138 2094 li·

160 2114 275 2174 bertate
290 2122 349 2175 tam
365 2115 435 2175 laxa
446 2115 525 2175 ullos
539 2115 646 2175 iterum
658 2121 816 2192 tyrannos.
838 2117 977 2176 luserunt
990 2117 1053 2178 ieta
1064 2133 1140 2193 poe·

127 2216 144 2268 5
159 2206 208 2258 tae
223 2202 254 2257 et
268 2197 354 2258 vanis
370 2214 429 2259 nos
444 2199 598 2272 agitavere
613 2197 791 2259 terroribus.
814 2199 899 2258 Mors
914 2199 1059 2260 dolorum
1075 2218 1138 2262 om-

158 2282 241 2341 nium
255 2281 406 2344 exsolutio
422 2288 470 2342 est
490 2288 520 2341 et
539 2281 619 2353 finis,
644 2283 721 2341 ultra
742 2297 834 2356 quem
854 2284 935 2342 mala
948 2291 1058 2345 nostra
1078 2301 1140 2345 non

159 2372 279 2439 exeunt,
295 2382 374 2441 quae
386 2381 444 2426 nos
456 2366 485 2423 in
497 2365 578 2423 illam
588 2365 842 2438 tranquillitatem,
856 2365 887 2423 in
899 2382 962 2440 qua
972 2374 1140 2443 autequam

159 2463 354 2509 nasceremur
368 2447 525 2520 iacuimus,
545 2445 675 2521 reponit.
700 2447 732 2506 Si
746 2456 933 2509 mortuorum
949 2450 1062 2525 aliquis
1085 2452 1138 2511 rui-

158 2537 285 2603 seretur,
301 2538 332 2590 et
346 2546 408 2589 non
422 2536 561 2588 natomnr
576 2530 763 2590 misereatur.
785 2532 868 2591 Mors
882 2547 940 2592 nec
954 2533 1071 2594 bonum
1082 2549 1141 2594 nec

159 2613 271 2672 malurn
286 2621 342 2672 est.
372 2614 404 2675 id
425 2611 506 2671 enim
520 2618 623 2685 potest
644 2619 696 2672 aut
717 2613 830 2674 bonum
848 2621 901 2675 aut
920 2617 1034 2676 malum
1055 2633 1137 2688 esse,

161 2695 245 2770 quod
259 2695 372 2770 aliquid
390 2701 445 2754 est.
469 2695 555 2769 quod
571 2710 644 2754 vero
659 2694 762 2770 ipsum
775 2697 849 2757 nihil
865 2704 912 2758 est
931 2705 963 2759 et
982 2701 1088 2761 omnia
1109 2701 1138 2760 in

160 2776 284 2839 nihilum
298 2777 416 2855 redigit,
437 2778 510 2839 nulli
525 2794 582 2838 nos
599 2780 736 2839 lortunae
751 2781 851 2841 tradit.
880 2783 960 2842 mala
979 2783 1062 2843 enim
1084 2784 1139 2844 bo-

160 2879 261 2938 naque
277 2862 358 2923 circa
378 2864 510 2938 aliquam
527 2871 687 2924 versantur
701 2866 868 2926 materiam.
895 2881 958 2926 non
980 2873 1088 2940 potest
1106 2865 1138 2926 id

161 2947 280 3007 lortuna
294 2953 406 3020 tenere,
423 2948 507 3022 quod
518 2954 625 3007 natura
639 2946 761 3021 dimisit,
776 2964 834 3007 nec
844 2955 948 3023 potest
959 2947 1054 3009 miser
1065 2964 1139 3010 esse

128 3031 213 3104 aqui
234 3031 335 3089 nullus
354 3037 409 3090 est.
437 3031 579 3089 Excessit
599 3031 679 3090 filius
695 3040 763 3092 tuus
779 3033 933 3104 terminos,
954 3032 1035 3092 intra
1057 3048 1139 3108 quos

161 3114 298 3172 servitur.
330 3113 452 3186 excepit
466 3113 548 3172 illurn
563 3129 673 3186 magna
687 3122 716 3174 et
736 3122 860 3174 aeterna
874 3131 946 3190 pax.
982 3132 1045 3176 non
1060 3133 1137 3191 pau-

161 3193 285 3268 pertatis
301 3200 391 3266 metu,
407 3211 466 3253 non
484 3194 653 3255 divitiarum
674 3212 756 3270 cura,
777 3214 836 3258 non
853 3199 984 3259 libidinis
1005 3215 1063 3274 per
1085 3216 1136 3261 vo-

160 3280 304 3351 luptatem
320 3274 438 3338 animos
456 3280 610 3352 carpentis
632 3279 762 3341 stimulis
783 3281 954 3354 incessitur,
975 3288 1039 3343 n'on
1059 3283 1136 3343 invi-

160 3360 210 3421 dia
225 3360 373 3421 felicitatis
388 3361 505 3421 alienae
523 3363 661 3435 tangitur,
677 3377 737 3422 non
749 3381 825 3424 suae
839 3367 993 3441 premitur,
1008 3382 1048 3427 ne
1063 3382 1137 3426 con-

160 3442 246 3504 viciis
268 3444 388 3520 quidem
408 3444 476 3505 ullis
491 3442 683 3504 verecundae
698 3461 788 3506 aures
810 3448 1017 3512 verberantur.
1053 3454 1136 3512 nulla
