<?xml version="1.0" encoding="UTF-8"?>
<!DOCTYPE html PUBLIC "-//W3C//DTD XHTML 1.0 Transitional//EN"
    "http://www.w3.org/TR/xhtml1/DTD/xhtml1-transitional.dtd">
<html xmlns="http://www.w3.org/1999/xhtml" xml:lang="en" lang="en">
 <head>
  <title>
</title>
<meta http-equiv="Content-Type" content="text/html;charset=utf-8" />
  <meta name='ocr-system' content='tesseract 3.04.00' />
  <meta name='ocr-capabilities' content='ocr_page ocr_carea ocr_par ocr_line ocrx_word'/>
</head>
<body>
  <div class='ocr_page' id='page_1' title='image "./lannaeisenecaeo03senegoog_0095.png"; bbox 0 0 2378 3856; ppageno 0'>
   <div class='ocr_carea' id='block_1_1' title="bbox 112 187 809 258">
    <p class='ocr_par' dir='ltr' id='par_1_1' title="bbox 112 187 809 258">
     <span class='ocr_line' id='line_1_1' title="bbox 112 187 809 258; baseline -0.011 0"><span class='ocrx_word' id='word_1_1' title='bbox 112 192 153 258; x_wconf 84' lang='grc'>78</span> <span class='ocrx_word' id='word_1_2' title='bbox 406 191 441 251; x_wconf 82' lang='lat' dir='ltr'>L.</span> <span class='ocrx_word' id='word_1_3' title='bbox 463 187 611 250; x_wconf 84' lang='grc' dir='ltr'><strong>ΑΝΝΑΕῙ</strong></span> <span class='ocrx_word' id='word_1_4' title='bbox 634 188 809 250; x_wconf 78' lang='lat' dir='ltr'>SENECAE</span> 
     </span>
    </p>
   </div>
   <div class='ocr_carea' id='block_1_2' title="bbox 85 341 1107 3509">
    <p class='ocr_par' dir='ltr' id='par_1_2' title="bbox 113 341 1106 585">
     <span class='ocr_line' id='line_1_2' title="bbox 113 341 1106 407; baseline 0 -1"><span class='ocrx_word' id='word_1_5' title='bbox 113 350 214 406; x_wconf 89' lang='lat' dir='ltr'>animo</span> <span class='ocrx_word' id='word_1_6' title='bbox 226 343 448 404; x_wconf 88' lang='lat' dir='ltr'>inhorrescunt.</span> <span class='ocrx_word' id='word_1_7' title='bbox 472 348 644 401; x_wconf 91' lang='lat' dir='ltr'>tumescunt</span> <span class='ocrx_word' id='word_1_8' title='bbox 655 355 761 401; x_wconf 90' lang='lat' dir='ltr'>venae.</span> <span class='ocrx_word' id='word_1_9' title='bbox 787 341 978 402; x_wconf 88' lang='lat' dir='ltr'>concutietur</span> <span class='ocrx_word' id='word_1_10' title='bbox 990 344 1106 407; x_wconf 89' lang='lat' dir='ltr'>crebro</span> 
     </span>
     <span class='ocr_line' id='line_1_3' title="bbox 114 424 1105 505; baseline 0.001 -17"><span class='ocrx_word' id='word_1_11' title='bbox 114 429 222 505; x_wconf 91' lang='lat' dir='ltr'>spiritu</span> <span class='ocrx_word' id='word_1_12' title='bbox 237 434 362 502; x_wconf 88' lang='lat' dir='ltr'>pectus,</span> <span class='ocrx_word' id='word_1_13' title='bbox 383 425 491 485; x_wconf 88' lang='lat' dir='ltr'>rabida</span> <span class='ocrx_word' id='word_1_14' title='bbox 507 424 593 484; x_wconf 91' lang='lat' dir='ltr'>vocis</span> <span class='ocrx_word' id='word_1_15' title='bbox 612 425 730 499; x_wconf 79' lang='lat' dir='ltr'>eruptio</span> <span class='ocrx_word' id='word_1_16' title='bbox 746 425 825 486; x_wconf 89' lang='lat' dir='ltr'>colla</span> <span class='ocrx_word' id='word_1_17' title='bbox 840 425 1007 486; x_wconf 83' lang='lat' dir='ltr'>distendet</span> <span class='ocrx_word' id='word_1_18' title='bbox 1039 435 1105 489; x_wconf 90' lang='lat' dir='ltr'>tum</span> 
     </span>
     <span class='ocr_line' id='line_1_4' title="bbox 114 507 1105 585; baseline -0.001 -13"><span class='ocrx_word' id='word_1_19' title='bbox 114 519 198 573; x_wconf 87' lang='lat' dir='ltr'>artus</span> <span class='ocrx_word' id='word_1_20' title='bbox 214 509 339 585; x_wconf 78' lang='lat' dir='ltr'><strong>trepidi,</strong></span> <span class='ocrx_word' id='word_1_21' title='bbox 360 510 514 584; x_wconf 79' lang='lat' dir='ltr'><strong>inquietae</strong></span> <span class='ocrx_word' id='word_1_22' title='bbox 529 524 647 580; x_wconf 87' lang='lat' dir='ltr'>manus,</span> <span class='ocrx_word' id='word_1_23' title='bbox 666 508 758 569; x_wconf 91' lang='lat' dir='ltr'>totius</span> <span class='ocrx_word' id='word_1_24' title='bbox 774 509 914 583; x_wconf 87' lang='lat' dir='ltr'>corporis</span> <span class='ocrx_word' id='word_1_25' title='bbox 929 507 1105 573; x_wconf 81' lang='lat' dir='ltr'>fluctuatio.</span> 
     </span>
    </p>

    <p class='ocr_par' dir='ltr' id='par_1_3' title="bbox 85 591 1105 836">
     <span class='ocr_line' id='line_1_5' title="bbox 85 591 1105 669; baseline -0.001 -13"><span class='ocrx_word' id='word_1_26' title='bbox 85 602 102 655; x_wconf 80' lang='lat' dir='ltr'>t</span> <span class='ocrx_word' id='word_1_27' title='bbox 115 596 240 669; x_wconf 79' lang='lat' dir='ltr'>Qualem</span> <span class='ocrx_word' id='word_1_28' title='bbox 255 595 335 654; x_wconf 86' lang='lat' dir='ltr'>inlus</span> <span class='ocrx_word' id='word_1_29' title='bbox 351 602 441 669; x_wconf 87' lang='lat' dir='ltr'>putas</span> <span class='ocrx_word' id='word_1_30' title='bbox 456 607 528 652; x_wconf 89' lang='lat' dir='ltr'>esse</span> <span class='ocrx_word' id='word_1_31' title='bbox 543 593 691 664; x_wconf 82' lang='lat' dir='ltr'>animum,</span> <span class='ocrx_word' id='word_1_32' title='bbox 710 591 799 652; x_wconf 89' lang='lat' dir='ltr'>cuius</span> <span class='ocrx_word' id='word_1_33' title='bbox 817 599 911 653; x_wconf 86' lang='lat' dir='ltr'>extra·</span> <span class='ocrx_word' id='word_1_34' title='bbox 920 592 1025 667; x_wconf 82' lang='lat' dir='ltr'>imago</span> <span class='ocrx_word' id='word_1_35' title='bbox 1042 602 1105 655; x_wconf 88' lang='lat' dir='ltr'>tarn</span> 
     </span>
     <span class='ocr_line' id='line_1_6' title="bbox 115 675 1105 753; baseline 0.001 -16"><span class='ocrx_word' id='word_1_36' title='bbox 115 679 206 740; x_wconf 90' lang='lat' dir='ltr'>toeda</span> <span class='ocrx_word' id='word_1_37' title='bbox 226 684 294 738; x_wconf 81' lang='lat' dir='ltr'>estl</span> <span class='ocrx_word' id='word_1_38' title='bbox 318 683 430 753; x_wconf 90' lang='lat' dir='ltr'>quanto</span> <span class='ocrx_word' id='word_1_39' title='bbox 451 676 492 736; x_wconf 90' lang='lat' dir='ltr'>illi</span> <span class='ocrx_word' id='word_1_40' title='bbox 512 677 589 735; x_wconf 89' lang='lat' dir='ltr'>intra</span> <span class='ocrx_word' id='word_1_41' title='bbox 608 682 717 751; x_wconf 88' lang='lat' dir='ltr'>pectus</span> <span class='ocrx_word' id='word_1_42' title='bbox 737 675 899 736; x_wconf 79' lang='lat' dir='ltr'>terribilior</span> <span class='ocrx_word' id='word_1_43' title='bbox 919 676 1024 738; x_wconf 89' lang='lat' dir='ltr'>voltus</span> <span class='ocrx_word' id='word_1_44' title='bbox 1047 685 1105 751; x_wconf 80' lang='lat' dir='ltr'>est,</span> 
     </span>
     <span class='ocr_line' id='line_1_7' title="bbox 114 757 1105 836; baseline -0.002 -14"><span class='ocrx_word' id='word_1_45' title='bbox 114 763 214 822; x_wconf 88' lang='lat' dir='ltr'>aerior</span> <span class='ocrx_word' id='word_1_46' title='bbox 228 761 369 836; x_wconf 85' lang='lat' dir='ltr'>spiritus,</span> <span class='ocrx_word' id='word_1_47' title='bbox 385 760 528 820; x_wconf 75' lang='lat' dir='ltr'>intentior</span> <span class='ocrx_word' id='word_1_48' title='bbox 542 761 680 834; x_wconf 81' lang='lat' dir='ltr'>inpetus,</span> <span class='ocrx_word' id='word_1_49' title='bbox 696 767 842 834; x_wconf 89' lang='lat' dir='ltr'>rupturus</span> <span class='ocrx_word' id='word_1_50' title='bbox 856 775 893 819; x_wconf 87' lang='lat' dir='ltr'>sc</span> <span class='ocrx_word' id='word_1_51' title='bbox 907 757 968 819; x_wconf 89' lang='lat' dir='ltr'>nisi</span> <span class='ocrx_word' id='word_1_52' title='bbox 988 775 1105 836; x_wconf 86' lang='lat' dir='ltr'>erupe-</span> 
     </span>
    </p>

    <p class='ocr_par' dir='ltr' id='par_1_4' title="bbox 86 842 1105 1921">
     <span class='ocr_line' id='line_1_8' title="bbox 86 842 1104 919; baseline 0.003 -17"><span class='ocrx_word' id='word_1_53' title='bbox 86 847 162 905; x_wconf 77' lang='lat' dir='ltr'>brit.</span> <span class='ocrx_word' id='word_1_54' title='bbox 198 845 309 919; x_wconf 82' lang='lat' dir='ltr'>Quales</span> <span class='ocrx_word' id='word_1_55' title='bbox 330 851 402 904; x_wconf 91' lang='lat' dir='ltr'>sunt</span> <span class='ocrx_word' id='word_1_56' title='bbox 421 842 554 904; x_wconf 88' lang='lat' dir='ltr'>hostium</span> <span class='ocrx_word' id='word_1_57' title='bbox 574 844 622 902; x_wconf 92' lang='lat' dir='ltr'>vet</span> <span class='ocrx_word' id='word_1_58' title='bbox 640 843 771 903; x_wconf 86' lang='lat' dir='ltr'>terarum</span> <span class='ocrx_word' id='word_1_59' title='bbox 796 842 892 903; x_wconf 88' lang='lat' dir='ltr'>caede</span> <span class='ocrx_word' id='word_1_60' title='bbox 912 843 1104 905; x_wconf 81' lang='lat' dir='ltr'>madentium</span> 
     </span>
     <span class='ocr_line' id='line_1_9' title="bbox 116 926 1104 1002; baseline 0 -13"><span class='ocrx_word' id='word_1_61' title='bbox 116 937 168 989; x_wconf 88' lang='lat' dir='ltr'>aut</span> <span class='ocrx_word' id='word_1_62' title='bbox 183 931 223 989; x_wconf 92' lang='lat' dir='ltr'>ad</span> <span class='ocrx_word' id='word_1_63' title='bbox 238 928 365 988; x_wconf 88' lang='lat' dir='ltr'>caedem</span> <span class='ocrx_word' id='word_1_64' title='bbox 380 926 515 987; x_wconf 89' lang='lat' dir='ltr'>euntium</span> <span class='ocrx_word' id='word_1_65' title='bbox 530 926 713 1001; x_wconf 86' lang='lat' dir='ltr'>adspectus,</span> <span class='ocrx_word' id='word_1_66' title='bbox 736 926 838 1002; x_wconf 88' lang='lat' dir='ltr'>qualia</span> <span class='ocrx_word' id='word_1_67' title='bbox 851 933 962 1001; x_wconf 88' lang='lat' dir='ltr'>poetae</span> <span class='ocrx_word' id='word_1_68' title='bbox 981 927 1104 989; x_wconf 86' lang='lat' dir='ltr'>interna</span> 
     </span>
     <span class='ocr_line' id='line_1_10' title="bbox 115 1009 1103 1085; baseline 0.001 -14"><span class='ocrx_word' id='word_1_69' title='bbox 115 1019 252 1072; x_wconf 92' lang='lat' dir='ltr'>monstra</span> <span class='ocrx_word' id='word_1_70' title='bbox 273 1012 428 1071; x_wconf 82' lang='lat' dir='ltr'>tinxerunt</span> <span class='ocrx_word' id='word_1_71' title='bbox 446 1009 605 1070; x_wconf 83' lang='lat' dir='ltr'>subcincta</span> <span class='ocrx_word' id='word_1_72' title='bbox 627 1009 824 1084; x_wconf 83' lang='lat' dir='ltr'>serpentibus</span> <span class='ocrx_word' id='word_1_73' title='bbox 847 1017 877 1070; x_wconf 90' lang='lat' dir='ltr'>et</span> <span class='ocrx_word' id='word_1_74' title='bbox 900 1010 993 1084; x_wconf 78' lang='lat' dir='ltr'>igneo</span> <span class='ocrx_word' id='word_1_75' title='bbox 1015 1009 1103 1085; x_wconf 79' lang='lat' dir='ltr'>flatu,</span> 
     </span>
     <span class='ocr_line' id='line_1_11' title="bbox 117 1093 1103 1170; baseline 0 -16"><span class='ocrx_word' id='word_1_76' title='bbox 117 1095 224 1170; x_wconf 90' lang='lat' dir='ltr'>quales</span> <span class='ocrx_word' id='word_1_77' title='bbox 243 1095 282 1154; x_wconf 87' lang='lat' dir='ltr'>ad</span> <span class='ocrx_word' id='word_1_78' title='bbox 303 1094 383 1154; x_wconf 92' lang='lat' dir='ltr'>bella</span> <span class='ocrx_word' id='word_1_79' title='bbox 404 1094 566 1153; x_wconf 85' lang='lat' dir='ltr'>excitanda</span> <span class='ocrx_word' id='word_1_80' title='bbox 584 1093 832 1168; x_wconf 81' lang='lat' dir='ltr'>discordiamque</span> <span class='ocrx_word' id='word_1_81' title='bbox 853 1093 883 1154; x_wconf 91' lang='lat' dir='ltr'>in</span> <span class='ocrx_word' id='word_1_82' title='bbox 900 1095 1037 1168; x_wconf 87' lang='lat' dir='ltr'>populos</span> <span class='ocrx_word' id='word_1_83' title='bbox 1058 1094 1103 1155; x_wconf 93' lang='lat' dir='ltr'>di·</span> 
     </span>
     <span class='ocr_line' id='line_1_12' title="bbox 117 1177 1103 1253; baseline 0 -15"><span class='ocrx_word' id='word_1_84' title='bbox 117 1179 280 1239; x_wconf 89' lang='lat' dir='ltr'>videndam</span> <span class='ocrx_word' id='word_1_85' title='bbox 303 1192 472 1253; x_wconf 88' lang='lat' dir='ltr'>pacemque</span> <span class='ocrx_word' id='word_1_86' title='bbox 494 1177 687 1237; x_wconf 86' lang='lat' dir='ltr'>lacerandam</span> <span class='ocrx_word' id='word_1_87' title='bbox 702 1179 873 1238; x_wconf 82' lang='lat' dir='ltr'>teterrimae</span> <span class='ocrx_word' id='word_1_88' title='bbox 894 1177 1025 1238; x_wconf 86' lang='lat' dir='ltr'>interum</span> <span class='ocrx_word' id='word_1_89' title='bbox 1049 1194 1103 1238; x_wconf 84' lang='lat' dir='ltr'>ex-</span> 
     </span>
     <span class='ocr_line' id='line_1_13' title="bbox 117 1260 1105 1335; baseline 0 -14"><span class='ocrx_word' id='word_1_90' title='bbox 117 1270 203 1322; x_wconf 78' lang='lat' dir='ltr'>eunt:</span> <span class='ocrx_word' id='word_1_91' title='bbox 219 1264 309 1323; x_wconf 89' lang='lat' dir='ltr'>talem</span> <span class='ocrx_word' id='word_1_92' title='bbox 325 1262 414 1322; x_wconf 92' lang='lat' dir='ltr'>nobis</span> <span class='ocrx_word' id='word_1_93' title='bbox 430 1263 505 1322; x_wconf 86' lang='lat' dir='ltr'>iram</span> <span class='ocrx_word' id='word_1_94' title='bbox 523 1262 706 1335; x_wconf 81' lang='lat' dir='ltr'>figuremus,</span> <span class='ocrx_word' id='word_1_95' title='bbox 723 1260 845 1320; x_wconf 85' lang='lat' dir='ltr'>flamma</span> <span class='ocrx_word' id='word_1_96' title='bbox 863 1261 978 1321; x_wconf 89' lang='lat' dir='ltr'>lumina</span> <span class='ocrx_word' id='word_1_97' title='bbox 991 1262 1105 1321; x_wconf 90' lang='lat' dir='ltr'>arden·</span> 
     </span>
     <span class='ocr_line' id='line_1_14' title="bbox 115 1343 1103 1420; baseline 0 -14"><span class='ocrx_word' id='word_1_98' title='bbox 115 1348 171 1419; x_wconf 88' lang='lat' dir='ltr'>tia,</span> <span class='ocrx_word' id='word_1_99' title='bbox 194 1347 283 1407; x_wconf 90' lang='lat' dir='ltr'>sibilo</span> <span class='ocrx_word' id='word_1_100' title='bbox 307 1346 486 1420; x_wconf 79' lang='lat' dir='ltr'>mugituque</span> <span class='ocrx_word' id='word_1_101' title='bbox 507 1353 537 1405; x_wconf 91' lang='lat' dir='ltr'>et</span> <span class='ocrx_word' id='word_1_102' title='bbox 558 1345 671 1420; x_wconf 83' lang='lat' dir='ltr'>gemilu</span> <span class='ocrx_word' id='word_1_103' title='bbox 691 1352 722 1404; x_wconf 92' lang='lat' dir='ltr'>et</span> <span class='ocrx_word' id='word_1_104' title='bbox 735 1343 868 1405; x_wconf 89' lang='lat' dir='ltr'>stridore</span> <span class='ocrx_word' id='word_1_105' title='bbox 882 1352 912 1403; x_wconf 89' lang='lat' dir='ltr'>et</span> <span class='ocrx_word' id='word_1_106' title='bbox 928 1345 955 1404; x_wconf 90' lang='lat' dir='ltr'>si</span> <span class='ocrx_word' id='word_1_107' title='bbox 972 1362 1037 1420; x_wconf 89' lang='lat' dir='ltr'>qua</span> <span class='ocrx_word' id='word_1_108' title='bbox 1054 1345 1103 1406; x_wconf 91' lang='lat' dir='ltr'>his</span> 
     </span>
     <span class='ocr_line' id='line_1_15' title="bbox 116 1431 1101 1504; baseline -0.001 -14"><span class='ocrx_word' id='word_1_109' title='bbox 116 1431 243 1491; x_wconf 90' lang='lat' dir='ltr'>invisior</span> <span class='ocrx_word' id='word_1_110' title='bbox 259 1447 319 1490; x_wconf 86' lang='lat' dir='ltr'>vox</span> <span class='ocrx_word' id='word_1_111' title='bbox 335 1436 397 1503; x_wconf 83' lang='lat' dir='ltr'>est,</span> <span class='ocrx_word' id='word_1_112' title='bbox 419 1435 677 1504; x_wconf 81' lang='lat' dir='ltr'>perstrepentem,</span> <span class='ocrx_word' id='word_1_113' title='bbox 698 1431 863 1490; x_wconf 83' lang='lat' dir='ltr'>talamana</span> <span class='ocrx_word' id='word_1_114' title='bbox 878 1436 1010 1504; x_wconf 90' lang='lat' dir='ltr'>utraque</span> <span class='ocrx_word' id='word_1_115' title='bbox 1025 1444 1101 1504; x_wconf 90' lang='lat' dir='ltr'>qua-</span> 
     </span>
     <span class='ocr_line' id='line_1_16' title="bbox 116 1513 1104 1587; baseline -0.002 -13"><span class='ocrx_word' id='word_1_116' title='bbox 116 1517 255 1586; x_wconf 90' lang='lat' dir='ltr'>tientem,</span> <span class='ocrx_word' id='word_1_117' title='bbox 288 1528 388 1586; x_wconf 88' lang='lat' dir='ltr'>neque</span> <span class='ocrx_word' id='word_1_118' title='bbox 414 1514 493 1573; x_wconf 92' lang='lat' dir='ltr'>enim</span> <span class='ocrx_word' id='word_1_119' title='bbox 518 1513 559 1572; x_wconf 91' lang='lat' dir='ltr'>illi</span> <span class='ocrx_word' id='word_1_120' title='bbox 585 1519 749 1587; x_wconf 78' lang='lat' dir='ltr'>sategere</span> <span class='ocrx_word' id='word_1_121' title='bbox 776 1527 867 1571; x_wconf 90' lang='lat' dir='ltr'>curae</span> <span class='ocrx_word' id='word_1_122' title='bbox 891 1518 955 1583; x_wconf 86' lang='lat' dir='ltr'>est,</span> <span class='ocrx_word' id='word_1_123' title='bbox 982 1519 1104 1572; x_wconf 88' lang='lat' dir='ltr'>torvam</span> 
     </span>
     <span class='ocr_line' id='line_1_17' title="bbox 118 1594 1103 1671; baseline -0.001 -14"><span class='ocrx_word' id='word_1_124' title='bbox 118 1603 337 1671; x_wconf 84' lang='lat' dir='ltr'>cruentamque</span> <span class='ocrx_word' id='word_1_125' title='bbox 358 1604 389 1655; x_wconf 91' lang='lat' dir='ltr'>et</span> <span class='ocrx_word' id='word_1_126' title='bbox 408 1597 618 1655; x_wconf 87' lang='lat' dir='ltr'>cicatricosam</span> <span class='ocrx_word' id='word_1_127' title='bbox 639 1603 670 1655; x_wconf 88' lang='lat' dir='ltr'>et</span> <span class='ocrx_word' id='word_1_128' title='bbox 684 1595 863 1656; x_wconf 91' lang='lat' dir='ltr'>verberibus</span> <span class='ocrx_word' id='word_1_129' title='bbox 883 1595 949 1655; x_wconf 89' lang='lat' dir='ltr'>suis</span> <span class='ocrx_word' id='word_1_130' title='bbox 966 1594 1103 1668; x_wconf 89' lang='lat' dir='ltr'>lividam,</span> 
     </span>
     <span class='ocr_line' id='line_1_18' title="bbox 117 1679 1105 1754; baseline 0.001 -15"><span class='ocrx_word' id='word_1_131' title='bbox 117 1683 259 1740; x_wconf 90' lang='lat' dir='ltr'>incessus</span> <span class='ocrx_word' id='word_1_132' title='bbox 282 1680 404 1751; x_wconf 88' lang='lat' dir='ltr'>vesani,</span> <span class='ocrx_word' id='word_1_133' title='bbox 427 1680 568 1739; x_wconf 84' lang='lat' dir='ltr'>obtusam</span> <span class='ocrx_word' id='word_1_134' title='bbox 589 1680 682 1738; x_wconf 89' lang='lat' dir='ltr'>muita</span> <span class='ocrx_word' id='word_1_135' title='bbox 701 1680 844 1754; x_wconf 76' lang='lat' dir='ltr'>caligine,</span> <span class='ocrx_word' id='word_1_136' title='bbox 862 1679 1105 1753; x_wconf 86' lang='lat' dir='ltr'>incursitantem,</span> 
     </span>
     <span class='ocr_line' id='line_1_19' title="bbox 119 1761 1105 1837; baseline -0.001 -14"><span class='ocrx_word' id='word_1_137' title='bbox 119 1770 286 1824; x_wconf 88' lang='lat' dir='ltr'>vastantem</span> <span class='ocrx_word' id='word_1_138' title='bbox 304 1764 521 1837; x_wconf 83' lang='lat' dir='ltr'>fugantemque</span> <span class='ocrx_word' id='word_1_139' title='bbox 539 1769 568 1822; x_wconf 91' lang='lat' dir='ltr'>et</span> <span class='ocrx_word' id='word_1_140' title='bbox 588 1763 720 1823; x_wconf 91' lang='lat' dir='ltr'>omnium</span> <span class='ocrx_word' id='word_1_141' title='bbox 739 1763 809 1823; x_wconf 92' lang='lat' dir='ltr'>odio</span> <span class='ocrx_word' id='word_1_142' title='bbox 828 1761 1035 1835; x_wconf 84' lang='lat' dir='ltr'>laborantem,</span> <span class='ocrx_word' id='word_1_143' title='bbox 1055 1765 1105 1824; x_wconf 90' lang='lat' dir='ltr'>sui</span> 
     </span>
     <span class='ocr_line' id='line_1_20' title="bbox 117 1845 1104 1921; baseline 0 -15"><span class='ocrx_word' id='word_1_144' title='bbox 117 1846 264 1916; x_wconf 86' lang='lat' dir='ltr'>maxime,</span> <span class='ocrx_word' id='word_1_145' title='bbox 283 1848 412 1907; x_wconf 87' lang='lat' dir='ltr'>sialiter</span> <span class='ocrx_word' id='word_1_146' title='bbox 431 1861 541 1906; x_wconf 89' lang='lat' dir='ltr'>nocere</span> <span class='ocrx_word' id='word_1_147' title='bbox 558 1862 618 1906; x_wconf 91' lang='lat' dir='ltr'>non</span> <span class='ocrx_word' id='word_1_148' title='bbox 639 1847 752 1921; x_wconf 87' lang='lat' dir='ltr'>possit,</span> <span class='ocrx_word' id='word_1_149' title='bbox 770 1855 885 1920; x_wconf 89' lang='lat' dir='ltr'>terras,</span> <span class='ocrx_word' id='word_1_150' title='bbox 903 1845 1016 1921; x_wconf 82' lang='lat' dir='ltr'>oraria,</span> <span class='ocrx_word' id='word_1_151' title='bbox 1031 1862 1104 1908; x_wconf 86' lang='lat' dir='ltr'>coe</span> 
     </span>
    </p>

    <p class='ocr_par' dir='ltr' id='par_1_5' title="bbox 88 1930 1105 2425">
     <span class='ocr_line' id='line_1_21' title="bbox 88 1930 1104 2005; baseline -0.002 -13"><span class='ocrx_word' id='word_1_152' title='bbox 88 1933 178 1993; x_wconf 82' lang='lat' dir='ltr'>bium</span> <span class='ocrx_word' id='word_1_153' title='bbox 195 1946 285 1990; x_wconf 91' lang='lat' dir='ltr'>ruere</span> <span class='ocrx_word' id='word_1_154' title='bbox 304 1931 491 2004; x_wconf 88' lang='lat' dir='ltr'>cupientem,</span> <span class='ocrx_word' id='word_1_155' title='bbox 509 1930 649 1990; x_wconf 83' lang='lat' dir='ltr'>intestam</span> <span class='ocrx_word' id='word_1_156' title='bbox 674 1931 786 2004; x_wconf 88' lang='lat' dir='ltr'>pariter</span> <span class='ocrx_word' id='word_1_157' title='bbox 805 1931 1007 2005; x_wconf 86' lang='lat' dir='ltr'>invisamque.</span> <span class='ocrx_word' id='word_1_158' title='bbox 1042 1933 1104 2002; x_wconf 84' lang='lat' dir='ltr'>vel,</span> 
     </span>
     <span class='ocr_line' id='line_1_22' title="bbox 118 2013 894 2087; baseline -0.001 -13"><span class='ocrx_word' id='word_1_159' title='bbox 118 2016 143 2074; x_wconf 91' lang='lat' dir='ltr'>si</span> <span class='ocrx_word' id='word_1_160' title='bbox 165 2013 297 2084; x_wconf 88' lang='lat' dir='ltr'>videtur,</span> <span class='ocrx_word' id='word_1_161' title='bbox 321 2015 361 2073; x_wconf 91' lang='lat' dir='ltr'>sit</span> <span class='ocrx_word' id='word_1_162' title='bbox 381 2015 480 2087; x_wconf 87' lang='lat' dir='ltr'>quatis</span> <span class='ocrx_word' id='word_1_163' title='bbox 499 2015 580 2087; x_wconf 90' lang='lat' dir='ltr'>apud</span> <span class='ocrx_word' id='word_1_164' title='bbox 600 2021 684 2074; x_wconf 90' lang='lat' dir='ltr'>vates</span> <span class='ocrx_word' id='word_1_165' title='bbox 704 2020 827 2073; x_wconf 89' lang='lat' dir='ltr'>nostros</span> <span class='ocrx_word' id='word_1_166' title='bbox 846 2021 894 2073; x_wconf 92' lang='lat' dir='ltr'>est</span> 
     </span>
     <span class='ocr_line' id='line_1_23' title="bbox 201 2097 1014 2172; baseline -0.002 -14"><span class='ocrx_word' id='word_1_167' title='bbox 201 2101 394 2172; x_wconf 74' lang='lat' dir='ltr'>sonpumeum</span> <span class='ocrx_word' id='word_1_168' title='bbox 415 2101 550 2172; x_wconf 71' lang='lat' dir='ltr'>quotane</span> <span class='ocrx_word' id='word_1_169' title='bbox 570 2099 680 2158; x_wconf 80' lang='lat' dir='ltr'>dextra</span> <span class='ocrx_word' id='word_1_170' title='bbox 700 2097 827 2158; x_wconf 83' lang='lat' dir='ltr'>Bellona</span> <span class='ocrx_word' id='word_1_171' title='bbox 845 2100 1014 2172; x_wconf 62' lang='lat' dir='ltr'>depellam,</span> 
     </span>
     <span class='ocr_line' id='line_1_24' title="bbox 200 2183 918 2256; baseline -0.003 -14"><span class='ocrx_word' id='word_1_172' title='bbox 200 2189 253 2242; x_wconf 82' lang='lat' dir='ltr'>aut</span> <span class='ocrx_word' id='word_1_173' title='bbox 272 2186 365 2242; x_wconf 80' lang='lat' dir='ltr'>scissa</span> <span class='ocrx_word' id='word_1_174' title='bbox 382 2184 520 2256; x_wconf 73' lang='lat' dir='ltr'>pandens</span> <span class='ocrx_word' id='word_1_175' title='bbox 539 2183 623 2242; x_wconf 75' lang='lat' dir='ltr'>vadit</span> <span class='ocrx_word' id='word_1_176' title='bbox 640 2183 797 2242; x_wconf 77' lang='lat' dir='ltr'>Discordia</span> <span class='ocrx_word' id='word_1_177' title='bbox 814 2183 918 2255; x_wconf 84' lang='lat' dir='ltr'>polla,</span> 
     </span>
     <span class='ocr_line' id='line_1_25' title="bbox 118 2263 1105 2341; baseline 0 -15"><span class='ocrx_word' id='word_1_178' title='bbox 118 2275 170 2326; x_wconf 89' lang='lat' dir='ltr'>aut</span> <span class='ocrx_word' id='word_1_179' title='bbox 197 2267 222 2326; x_wconf 91' lang='lat' dir='ltr'>si</span> <span class='ocrx_word' id='word_1_180' title='bbox 251 2284 312 2341; x_wconf 89' lang='lat' dir='ltr'>qua</span> <span class='ocrx_word' id='word_1_181' title='bbox 339 2265 437 2340; x_wconf 83' lang='lat' dir='ltr'>magis</span> <span class='ocrx_word' id='word_1_182' title='bbox 465 2267 531 2326; x_wconf 87' lang='lat' dir='ltr'>dira</span> <span class='ocrx_word' id='word_1_183' title='bbox 560 2267 654 2326; x_wconf 85' lang='lat' dir='ltr'>lanies</span> <span class='ocrx_word' id='word_1_184' title='bbox 683 2265 850 2338; x_wconf 83' lang='lat' dir='ltr'>excogitari</span> <span class='ocrx_word' id='word_1_185' title='bbox 879 2263 935 2324; x_wconf 90' lang='lat' dir='ltr'>diri</span> <span class='ocrx_word' id='word_1_186' title='bbox 959 2264 1105 2326; x_wconf 87' lang='lat' dir='ltr'>adlectus</span> 
     </span>
     <span class='ocr_line' id='line_1_26' title="bbox 118 2358 227 2425; baseline -0.046 -13"><span class='ocrx_word' id='word_1_187' title='bbox 118 2358 227 2425; x_wconf 89' lang='lat' dir='ltr'>potest.</span> 
     </span>
    </p>

    <p class='ocr_par' dir='ltr' id='par_1_6' title="bbox 90 2430 1106 2758">
     <span class='ocr_line' id='line_1_27' title="bbox 90 2430 1106 2506; baseline -0.001 -11"><span class='ocrx_word' id='word_1_188' title='bbox 90 2445 104 2495; x_wconf 94' lang='lat'>1</span> <span class='ocrx_word' id='word_1_189' title='bbox 181 2434 315 2492; x_wconf 86' lang='lat' dir='ltr'>XXXVI.</span> <span class='ocrx_word' id='word_1_190' title='bbox 343 2479 360 2505; x_wconf 89' lang='lat'>„</span> <span class='ocrx_word' id='word_1_191' title='bbox 370 2433 570 2506; x_wconf 81' lang='lat' dir='ltr'>Quibusdam,</span> <span class='ocrx_word' id='word_1_192' title='bbox 594 2438 627 2492; x_wconf 90' lang='lat' dir='ltr'>ut</span> <span class='ocrx_word' id='word_1_193' title='bbox 648 2432 690 2491; x_wconf 91' lang='lat' dir='ltr'>ait</span> <span class='ocrx_word' id='word_1_194' title='bbox 713 2430 855 2503; x_wconf 85' lang='lat' dir='ltr'>Sextius,</span> <span class='ocrx_word' id='word_1_195' title='bbox 879 2431 963 2491; x_wconf 90' lang='lat' dir='ltr'>iratis</span> <span class='ocrx_word' id='word_1_196' title='bbox 986 2433 1106 2506; x_wconf 80' lang='lat' dir='ltr'>proluit</span> 
     </span>
     <span class='ocr_line' id='line_1_28' title="bbox 118 2515 1104 2591; baseline 0.002 -17"><span class='ocrx_word' id='word_1_197' title='bbox 118 2515 304 2591; x_wconf 90' lang='lat' dir='ltr'>adspexisse</span> <span class='ocrx_word' id='word_1_198' title='bbox 334 2517 501 2590; x_wconf 87' lang='lat' dir='ltr'>speculum.</span> <span class='ocrx_word' id='word_1_199' title='bbox 547 2515 730 2591; x_wconf 87' lang='lat' dir='ltr'>perturbavit</span> <span class='ocrx_word' id='word_1_200' title='bbox 766 2515 835 2574; x_wconf 89' lang='lat' dir='ltr'>illos</span> <span class='ocrx_word' id='word_1_201' title='bbox 865 2522 949 2575; x_wconf 87' lang='lat' dir='ltr'>tanta</span> <span class='ocrx_word' id='word_1_202' title='bbox 974 2518 1104 2576; x_wconf 89' lang='lat' dir='ltr'>mutatio</span> 
     </span>
     <span class='ocr_line' id='line_1_29' title="bbox 119 2597 1106 2673; baseline 0.002 -15"><span class='ocrx_word' id='word_1_203' title='bbox 119 2599 176 2659; x_wconf 92' lang='lat' dir='ltr'>sui.</span> <span class='ocrx_word' id='word_1_204' title='bbox 214 2600 297 2657; x_wconf 90' lang='lat' dir='ltr'>velut</span> <span class='ocrx_word' id='word_1_205' title='bbox 319 2599 349 2657; x_wconf 92' lang='lat' dir='ltr'>in</span> <span class='ocrx_word' id='word_1_206' title='bbox 371 2613 435 2656; x_wconf 90' lang='lat' dir='ltr'>rem</span> <span class='ocrx_word' id='word_1_207' title='bbox 458 2605 649 2672; x_wconf 88' lang='lat' dir='ltr'>praesentem</span> <span class='ocrx_word' id='word_1_208' title='bbox 677 2597 803 2658; x_wconf 87' lang='lat' dir='ltr'>adducti</span> <span class='ocrx_word' id='word_1_209' title='bbox 825 2614 886 2659; x_wconf 90' lang='lat' dir='ltr'>non</span> <span class='ocrx_word' id='word_1_210' title='bbox 908 2609 1106 2673; x_wconf 79' lang='lat' dir='ltr'>agnoverunt</span> 
     </span>
     <span class='ocr_line' id='line_1_30' title="bbox 118 2680 1104 2758; baseline 0.003 -18"><span class='ocrx_word' id='word_1_211' title='bbox 118 2686 194 2740; x_wconf 80' lang='lat' dir='ltr'>se“=</span> <span class='ocrx_word' id='word_1_212' title='bbox 218 2688 248 2740; x_wconf 87' lang='lat' dir='ltr'>et</span> <span class='ocrx_word' id='word_1_213' title='bbox 270 2682 446 2754; x_wconf 90' lang='lat' dir='ltr'>quantulum</span> <span class='ocrx_word' id='word_1_214' title='bbox 470 2697 509 2739; x_wconf 84' lang='lat' dir='ltr'>ex</span> <span class='ocrx_word' id='word_1_215' title='bbox 531 2696 605 2740; x_wconf 90' lang='lat' dir='ltr'>vera</span> <span class='ocrx_word' id='word_1_216' title='bbox 623 2680 815 2743; x_wconf 75' lang='lat' dir='ltr'>deformitate</span> <span class='ocrx_word' id='word_1_217' title='bbox 836 2683 936 2757; x_wconf 79' lang='lat' dir='ltr'>imago</span> <span class='ocrx_word' id='word_1_218' title='bbox 958 2681 1012 2742; x_wconf 88' lang='lat' dir='ltr'>illa</span> <span class='ocrx_word' id='word_1_219' title='bbox 1029 2700 1104 2758; x_wconf 89' lang='lat' dir='ltr'>spe·</span> 
     </span>
    </p>

    <p class='ocr_par' dir='ltr' id='par_1_7' title="bbox 88 2764 1106 3174">
     <span class='ocr_line' id='line_1_31' title="bbox 88 2764 1103 2838; baseline 0.003 -15"><span class='ocrx_word' id='word_1_220' title='bbox 88 2766 187 2824; x_wconf 74' lang='lat' dir='ltr'>tculo</span> <span class='ocrx_word' id='word_1_221' title='bbox 208 2779 395 2838; x_wconf 87' lang='lat' dir='ltr'>repercussa</span> <span class='ocrx_word' id='word_1_222' title='bbox 420 2764 592 2823; x_wconf 81' lang='lat' dir='ltr'>reddebatt</span> <span class='ocrx_word' id='word_1_223' title='bbox 623 2765 752 2824; x_wconf 85' lang='lat' dir='ltr'>Animus</span> <span class='ocrx_word' id='word_1_224' title='bbox 776 2767 802 2825; x_wconf 92' lang='lat' dir='ltr'>si</span> <span class='ocrx_word' id='word_1_225' title='bbox 824 2766 945 2827; x_wconf 92' lang='lat' dir='ltr'>ostendi</span> <span class='ocrx_word' id='word_1_226' title='bbox 967 2772 998 2825; x_wconf 92' lang='lat' dir='ltr'>et</span> <span class='ocrx_word' id='word_1_227' title='bbox 1020 2766 1048 2826; x_wconf 87' lang='lat' dir='ltr'>si</span> <span class='ocrx_word' id='word_1_228' title='bbox 1073 2769 1103 2827; x_wconf 92' lang='lat' dir='ltr'>in</span> 
     </span>
     <span class='ocr_line' id='line_1_32' title="bbox 117 2848 1106 2922; baseline 0.004 -15"><span class='ocrx_word' id='word_1_229' title='bbox 117 2849 180 2907; x_wconf 90' lang='lat' dir='ltr'>ulta</span> <span class='ocrx_word' id='word_1_230' title='bbox 197 2849 321 2908; x_wconf 89' lang='lat' dir='ltr'>materia</span> <span class='ocrx_word' id='word_1_231' title='bbox 338 2848 496 2922; x_wconf 90' lang='lat' dir='ltr'>perlucere</span> <span class='ocrx_word' id='word_1_232' title='bbox 516 2856 638 2922; x_wconf 90' lang='lat' dir='ltr'>posset,</span> <span class='ocrx_word' id='word_1_233' title='bbox 662 2849 806 2909; x_wconf 91' lang='lat' dir='ltr'>intuentis</span> <span class='ocrx_word' id='word_1_234' title='bbox 823 2866 881 2910; x_wconf 91' lang='lat' dir='ltr'>nos</span> <span class='ocrx_word' id='word_1_235' title='bbox 900 2850 1106 2911; x_wconf 85' lang='lat' dir='ltr'>contunderet</span> 
     </span>
     <span class='ocr_line' id='line_1_33' title="bbox 118 2931 1104 3006; baseline 0 -16"><span class='ocrx_word' id='word_1_236' title='bbox 118 2939 182 2991; x_wconf 90' lang='lat' dir='ltr'>ater</span> <span class='ocrx_word' id='word_1_237' title='bbox 203 2933 443 3006; x_wconf 87' lang='lat' dir='ltr'>maculosusque</span> <span class='ocrx_word' id='word_1_238' title='bbox 468 2939 498 2992; x_wconf 90' lang='lat' dir='ltr'>et</span> <span class='ocrx_word' id='word_1_239' title='bbox 520 2939 663 2992; x_wconf 87' lang='lat' dir='ltr'>aestuans</span> <span class='ocrx_word' id='word_1_240' title='bbox 686 2940 717 2992; x_wconf 92' lang='lat' dir='ltr'>et</span> <span class='ocrx_word' id='word_1_241' title='bbox 738 2932 886 2993; x_wconf 90' lang='lat' dir='ltr'>distortus</span> <span class='ocrx_word' id='word_1_242' title='bbox 907 2939 937 2993; x_wconf 91' lang='lat' dir='ltr'>el</span> <span class='ocrx_word' id='word_1_243' title='bbox 955 2931 1104 2993; x_wconf 90' lang='lat' dir='ltr'>tumidus.</span> 
     </span>
     <span class='ocr_line' id='line_1_34' title="bbox 117 3016 1104 3091; baseline 0.003 -18"><span class='ocrx_word' id='word_1_244' title='bbox 117 3031 199 3075; x_wconf 83' lang='lat' dir='ltr'>nune</span> <span class='ocrx_word' id='word_1_245' title='bbox 223 3033 348 3091; x_wconf 91' lang='lat' dir='ltr'>quoque</span> <span class='ocrx_word' id='word_1_246' title='bbox 367 3023 449 3076; x_wconf 90' lang='lat' dir='ltr'>tanta</span> <span class='ocrx_word' id='word_1_247' title='bbox 466 3016 643 3076; x_wconf 75' lang='lat' dir='ltr'>deformitas</span> <span class='ocrx_word' id='word_1_248' title='bbox 660 3017 726 3076; x_wconf 89' lang='lat' dir='ltr'>eius</span> <span class='ocrx_word' id='word_1_249' title='bbox 746 3024 794 3076; x_wconf 91' lang='lat' dir='ltr'>est</span> <span class='ocrx_word' id='word_1_250' title='bbox 812 3033 866 3090; x_wconf 93' lang='lat' dir='ltr'>per</span> <span class='ocrx_word' id='word_1_251' title='bbox 886 3031 961 3076; x_wconf 86' lang='lat' dir='ltr'>ossa</span> <span class='ocrx_word' id='word_1_252' title='bbox 977 3032 1104 3077; x_wconf 87' lang='lat' dir='ltr'>carnes·</span> 
     </span>
     <span class='ocr_line' id='line_1_35' title="bbox 118 3099 1105 3174; baseline 0 -16"><span class='ocrx_word' id='word_1_253' title='bbox 118 3114 179 3172; x_wconf 88' lang='lat' dir='ltr'>quc</span> <span class='ocrx_word' id='word_1_254' title='bbox 195 3105 225 3159; x_wconf 91' lang='lat' dir='ltr'>et</span> <span class='ocrx_word' id='word_1_255' title='bbox 246 3107 290 3159; x_wconf 91' lang='lat' dir='ltr'>tot</span> <span class='ocrx_word' id='word_1_256' title='bbox 310 3099 527 3172; x_wconf 89' lang='lat' dir='ltr'>impedimenta</span> <span class='ocrx_word' id='word_1_257' title='bbox 549 3100 717 3161; x_wconf 81' lang='lat' dir='ltr'>effluentis:</span> <span class='ocrx_word' id='word_1_258' title='bbox 739 3099 858 3174; x_wconf 91' lang='lat' dir='ltr'>quidsi</span> <span class='ocrx_word' id='word_1_259' title='bbox 877 3100 1105 3167; x_wconf 26' lang='lat' dir='ltr'>nudus-osten·</span> 
     </span>
    </p>

    <p class='ocr_par' dir='ltr' id='par_1_8' title="bbox 88 3181 1107 3509">
     <span class='ocr_line' id='line_1_36' title="bbox 88 3181 1107 3258; baseline 0.001 -16"><span class='ocrx_word' id='word_1_260' title='bbox 88 3181 260 3242; x_wconf 68' lang='lat' dir='ltr'>oderetur?</span> <span class='ocrx_word' id='word_1_261' title='bbox 293 3181 427 3257; x_wconf 87' lang='lat' dir='ltr'>Speculo</span> <span class='ocrx_word' id='word_1_262' title='bbox 457 3183 579 3258; x_wconf 88' lang='lat' dir='ltr'>quidem</span> <span class='ocrx_word' id='word_1_263' title='bbox 608 3181 758 3244; x_wconf 86' lang='lat' dir='ltr'>neminem</span> <span class='ocrx_word' id='word_1_264' title='bbox 786 3184 960 3244; x_wconf 89' lang='lat' dir='ltr'>deterritum</span> <span class='ocrx_word' id='word_1_265' title='bbox 989 3183 1029 3242; x_wconf 92' lang='lat' dir='ltr'>ab</span> <span class='ocrx_word' id='word_1_266' title='bbox 1058 3185 1107 3243; x_wconf 89' lang='lat' dir='ltr'>ira</span> 
     </span>
     <span class='ocr_line' id='line_1_37' title="bbox 118 3265 1104 3342; baseline 0.002 -17"><span class='ocrx_word' id='word_1_267' title='bbox 118 3265 234 3326; x_wconf 83' lang='lat' dir='ltr'>credis=</span> <span class='ocrx_word' id='word_1_268' title='bbox 257 3265 330 3342; x_wconf 91' lang='lat' dir='ltr'>quid</span> <span class='ocrx_word' id='word_1_269' title='bbox 347 3271 444 3339; x_wconf 81' lang='lat' dir='ltr'>ergot</span> <span class='ocrx_word' id='word_1_270' title='bbox 466 3266 518 3342; x_wconf 90' lang='lat' dir='ltr'>qui</span> <span class='ocrx_word' id='word_1_271' title='bbox 538 3269 578 3328; x_wconf 93' lang='lat' dir='ltr'>ad</span> <span class='ocrx_word' id='word_1_272' title='bbox 595 3267 755 3342; x_wconf 89' lang='lat' dir='ltr'>speculum</span> <span class='ocrx_word' id='word_1_273' title='bbox 771 3275 910 3341; x_wconf 89' lang='lat' dir='ltr'>venerat,</span> <span class='ocrx_word' id='word_1_274' title='bbox 934 3273 967 3327; x_wconf 90' lang='lat' dir='ltr'>ut</span> <span class='ocrx_word' id='word_1_275' title='bbox 984 3281 1020 3325; x_wconf 90' lang='lat' dir='ltr'>se</span> <span class='ocrx_word' id='word_1_276' title='bbox 1036 3283 1104 3327; x_wconf 89' lang='lat' dir='ltr'>mu-</span> 
     </span>
     <span class='ocr_line' id='line_1_38' title="bbox 116 3349 1106 3425; baseline 0 -16"><span class='ocrx_word' id='word_1_277' title='bbox 116 3349 291 3420; x_wconf 85' lang='lat' dir='ltr'>taret‚-iam</span> <span class='ocrx_word' id='word_1_278' title='bbox 312 3358 490 3412; x_wconf 85' lang='lat' dir='ltr'>mutaverat.</span> <span class='ocrx_word' id='word_1_279' title='bbox 513 3352 600 3411; x_wconf 86' lang='lat' dir='ltr'>tratis</span> <span class='ocrx_word' id='word_1_280' title='bbox 623 3350 746 3425; x_wconf 90' lang='lat' dir='ltr'>quidem</span> <span class='ocrx_word' id='word_1_281' title='bbox 769 3352 852 3410; x_wconf 86' lang='lat' dir='ltr'>nulla</span> <span class='ocrx_word' id='word_1_282' title='bbox 872 3358 920 3410; x_wconf 87' lang='lat' dir='ltr'>est</span> <span class='ocrx_word' id='word_1_283' title='bbox 936 3350 1106 3410; x_wconf 81' lang='lat' dir='ltr'>formosior</span> 
     </span>
     <span class='ocr_line' id='line_1_39' title="bbox 116 3432 1104 3509; baseline 0.002 -17"><span class='ocrx_word' id='word_1_284' title='bbox 116 3432 238 3508; x_wconf 73' lang='lat' dir='ltr'>efligies</span> <span class='ocrx_word' id='word_1_285' title='bbox 261 3450 353 3509; x_wconf 89' lang='lat' dir='ltr'>quam</span> <span class='ocrx_word' id='word_1_286' title='bbox 374 3441 462 3497; x_wconf 88' lang='lat' dir='ltr'>atrox</span> <span class='ocrx_word' id='word_1_287' title='bbox 485 3443 516 3496; x_wconf 89' lang='lat' dir='ltr'>et</span> <span class='ocrx_word' id='word_1_288' title='bbox 530 3432 656 3494; x_wconf 89' lang='lat' dir='ltr'>horrida</span> <span class='ocrx_word' id='word_1_289' title='bbox 674 3437 845 3508; x_wconf 90' lang='lat' dir='ltr'>qualesque</span> <span class='ocrx_word' id='word_1_290' title='bbox 861 3449 933 3495; x_wconf 90' lang='lat' dir='ltr'>esse</span> <span class='ocrx_word' id='word_1_291' title='bbox 950 3434 1041 3493; x_wconf 88' lang='lat' dir='ltr'>etiarn</span> <span class='ocrx_word' id='word_1_292' title='bbox 1059 3436 1104 3494; x_wconf 88' lang='lat' dir='ltr'>vi-</span> 
     </span>
    </p>
   </div>
   <div class='ocr_carea' id='block_1_3' title="bbox 0 0 1195 3856">
    <p class='ocr_par' dir='ltr' id='par_1_9' title="bbox 0 0 1195 3856">
     <span class='ocr_line' id='line_1_40' title="bbox 0 0 1195 3856; baseline 0 0"><span class='ocrx_word' id='word_1_293' title='bbox 0 0 1195 3856; x_wconf 95' lang='lat' dir='ltr'> </span> 
     </span>
    </p>
   </div>
  </div>
 </body>
</html>
