2378 3856
162 199 224 264 102
447 200 482 259 L.
504 197 651 258 nunaut
674 195 851 258 SENECAE

131 354 239 418 amatu
266 349 386 428 portur
418 348 537 424 Quanto
563 362 644 408 nuuc
669 354 734 408 erat
756 345 853 408 sadus
878 346 997 409 amicos
1018 363 1141 425 parare,

159 436 298 497 inimicos
315 433 468 508 mitigare,
489 431 709 507 rempublicam
722 430 949 502 administrare,
970 432 1143 497 uanaterre

159 520 190 579 in
200 535 253 579 res
268 516 453 580 domesticas
469 531 595 592 operam
610 529 701 591 quam
717 514 970 590 circumspicere,
992 514 1071 590 quid
1087 518 1141 579 eii·

159 603 209 662 cui
230 603 332 662 lacere
347 599 452 677 possis
467 601 553 673 mali,
575 598 659 675 quod
678 605 732 659 aut
744 597 881 672 dignitati
896 597 963 661 eius
978 605 1033 661 aut
1047 600 1141 675 patri·

158 685 262 746 monio
278 692 331 747 aut
344 685 467 762 corpori
484 685 594 745 volnus
608 680 746 757 ionum,
762 697 831 743 cum
845 680 877 743 id
891 680 947 743 tibi
959 683 1142 760 mutingere

159 770 225 830 sine
240 769 404 830 certamine
418 784 455 828 oc
469 766 605 842 periculo
619 781 681 826 nou
697 765 812 842 possit,
835 765 955 828 etamsi
976 782 1050 829 cum
1064 768 1140 830 iaie

130 850 240 913 eriora
262 868 439 913 concurses.
466 851 609 910 Vinctum
629 850 700 910 licet
719 847 854 924 accipias
875 856 905 910 et
918 850 957 910 ad
980 850 1139 915 arbitrium

158 946 243 997 tuum
263 937 346 997 omni
368 933 530 1010 patientiae
551 932 742 1008 expositum:
769 947 864 1008 saepe
884 933 979 995 nimia
998 936 1048 997 vis
1070 950 1138 999 cae·

159 1019 258 1079 dentis
279 1024 332 1079 aut
351 1018 507 1078 ordeolum
530 1017 599 1078 loco
621 1016 715 1077 movit
733 1021 787 1076 aut
807 1031 934 1077 nervum
946 1017 979 1079 iu
991 1017 1043 1079 liis
1058 1036 1138 1096 quoe

158 1103 291 1176 fregerat
302 1102 447 1162 dentibus
463 1101 538 1161 lixit
567 1103 679 1161 multos
694 1098 853 1161 iracundie
864 1116 1011 1176 mancos,
1022 1106 1138 1167 multoe

158 1184 275 1246 debiles
297 1186 382 1259 iecit,
409 1185 500 1245 etium
520 1182 573 1245 ubi
589 1185 751 1260 patientem
770 1191 882 1245 nancta
901 1192 950 1246 est
967 1187 1137 1251 materiam.

157 1268 245 1328 adice
265 1286 362 1342 nunc,
383 1270 466 1346 quod
488 1269 561 1329 nihil
583 1277 644 1329 tarn
663 1267 806 1330 inbecillo
819 1275 923 1329 natum
937 1276 1001 1343 eet,
1021 1277 1058 1333 ut
1070 1271 1139 1333 eine

157 1351 298 1413 elidentis
324 1354 461 1429 periculo
485 1360 598 1428 pereat
631 1351 792 1412 inbecillos
817 1351 1037 1416 valentissimis
1061 1356 1137 1439 alias

128 1436 255 1509 tdolor,
271 1438 346 1498 alius
362 1452 455 1497 casus
469 1444 632 1512 exaequat.
652 1435 740 1509 Quid,
755 1436 839 1510 quod
853 1437 1004 1512 pleraque
1018 1453 1136 1514 corum,

156 1527 283 1595 propter
302 1535 383 1596 quae
397 1518 573 1593 irascimur,
597 1519 758 1580 offendunt
772 1536 830 1580 nos
847 1521 943 1595 magis
962 1536 1061 1597 quam
1073 1524 1136 1593 ,lec

156 1602 252 1663 duntt
282 1606 408 1664 multum
432 1609 533 1663 autem
558 1605 699 1676 interest,
723 1609 825 1664 utrum
849 1603 960 1679 uliquis
985 1607 1136 1668 uoluntati

156 1701 243 1746 meae
257 1687 359 1748 obstet
373 1703 412 1747 an
427 1686 521 1757 desit,
543 1687 651 1761 eripiat
664 1703 703 1746 an
719 1704 781 1749 uon
797 1688 857 1748 det.
886 1688 971 1764 atqui
987 1688 1019 1748 in
1033 1705 1134 1767 aequo

156 1769 313 1844 ponimus,
344 1779 442 1831 utrum
463 1770 574 1845 aliquis
593 1772 712 1831 unierat
731 1788 770 1831 un
791 1778 897 1848 neget,
923 1779 1024 1833 utrum
1047 1790 1137 1850 spem

119 1862 130 1887 ⁹
155 1861 292 1913 nostram
306 1854 464 1929 praecidat
476 1870 515 1913 an
533 1853 662 1927 differat,
678 1860 779 1915 utrum
793 1862 900 1916 coutm
913 1870 971 1916 uos
987 1857 1084 1920 iaciat
1096 1876 1135 1919 au

125 1944 212 2010 apro
229 1952 280 2009 se,
300 1952 406 1998 amore
422 1937 547 1998 alterius
562 1954 600 1997 au
616 1939 687 1999 odio
703 1938 809 2001 nostri.
839 1939 966 2014 Quidam
983 1955 1059 2002 vero
1074 1959 1135 2004 uon

154 2027 271 2081 tantum
286 2019 384 2082 iustus
399 2037 510 2082 causas
526 2022 627 2082 standi
641 2029 748 2084 contm
762 2039 836 2096 nos,
861 2024 918 2084 sed
931 2023 1023 2085 etiam
1037 2023 1135 2088 hone·

153 2112 218 2165 stas
243 2103 372 2166 habent:
399 2106 477 2167 alius
502 2112 619 2182 putrem
643 2112 759 2182 tuetur,
786 2107 864 2167 atius
889 2107 1027 2183 tratrem,
1054 2109 1135 2172 alius

153 2188 297 2263 patriam,
324 2189 402 2251 alius
427 2190 568 2251 amicum.
602 2190 651 2251 his
674 2199 775 2252 tamen
799 2207 860 2250 non
886 2192 1079 2266 ignoscimus
1103 2195 1137 2255 id

152 2272 349 2346 facientibus,
382 2275 550 2350 quodnisi
575 2276 724 2349 iacerent,
750 2274 1000 2351 improbaremus,
1028 2276 1135 2352 imnum

152 2357 237 2432 quod
258 2365 306 2419 est
325 2359 518 2432 incredibile,
544 2374 640 2433 saepe
662 2359 701 2419 de
722 2359 801 2418 iacto
816 2357 896 2418 bene
910 2358 1134 2437 existimamus,

123 2439 190 2504 ode
211 2442 341 2503 iaciente
361 2445 450 2504 male.
482 2443 524 2502 At
543 2442 732 2503 mehercules
756 2443 803 2502 vir
823 2458 952 2518 magnus
972 2458 1011 2504 ac
1029 2444 1133 2506 iustus

151 2523 349 2585 somissimum
377 2540 531 2601 quemque
549 2540 590 2583 ex
611 2524 751 2585 hostibus
772 2526 839 2587 suis
860 2532 891 2586 et
911 2540 967 2602 pro
990 2526 1134 2590 libertate

151 2619 187 2664 ac
208 2607 307 2667 salute
328 2609 442 2682 patriae
463 2607 739 2683 pertinacissimum
761 2610 890 2685 suspicit
907 2617 938 2670 et
957 2611 1052 2673 talen
1072 2610 1133 2674 sibi

150 2689 256 2762 civem,
272 2691 362 2750 talem
376 2690 498 2750 militem
514 2691 690 2766 contingere
706 2697 799 2767 optat.

20 2796 23 2809 ,
122 2785 136 2836 1
212 2772 324 2834 xxtx,
338 2776 441 2850 Turpe
461 2781 509 2835 est
531 2774 638 2836 odisse
654 2791 744 2852 quem
767 2777 891 2837 laudes:
915 2783 1029 2852 quana
1052 2793 1131 2839 vero

149 2857 267 2933 turpius
283 2859 324 2920 ob
339 2860 370 2919 id
384 2860 516 2934 aliquem
532 2859 652 2933 odisse,
676 2867 802 2937 propter
818 2860 901 2936 quod
916 2860 1133 2923 misericordia

149 2942 260 3016 diguus
282 2951 349 3005 esti
380 2944 407 3005 si
426 2944 567 3019 captivus
586 2942 617 3005 in
640 2946 817 3006 servitutem
837 2943 939 3006 subito
955 2944 1130 3019 depressus

147 3027 291 3100 reliquias
307 3029 452 3088 libertatis
466 3037 549 3089 tenet
563 3045 621 3089 nec
635 3028 675 3088 ad
686 3028 813 3089 sordida
824 3043 861 3087 ac
872 3027 1030 3088 laboriosa
1039 3027 1129 3088 mini·

148 3108 241 3166 staria
256 3109 343 3181 agilis
359 3111 505 3184 occurrit,
527 3112 552 3171 si
568 3126 608 3170 ex
623 3108 686 3171 otio
701 3112 788 3185 piger
801 3127 915 3187 equum
937 3107 1130 3172 vehiculum-

149 3203 209 3263 que
230 3189 344 3247 domini
364 3205 457 3251 cursu
476 3208 538 3253 non
559 3200 726 3267 exaequat,
749 3195 775 3253 si
795 3194 873 3255 iuter
887 3191 1042 3256 cotidiana
1056 3209 1128 3270 per-

145 3272 249 3346 vigilia
273 3271 389 3331 fessum
415 3287 544 3333 somnus
570 3276 740 3349 oppressit,
767 3278 793 3336 si
817 3277 964 3338 rusticum
987 3276 1128 3338 laborem

145 3362 269 3417 recusat
281 3360 333 3415 aut
346 3370 408 3414 nou
423 3355 540 3415 fortiter
554 3355 628 3417 obiit
648 3374 667 3417 a
681 3359 826 3420 servitute
840 3361 958 3422 urbana
971 3367 1002 3421 et
1015 3359 1128 3422 ferinta

116 3441 309 3502 atranslatus
325 3439 365 3499 ad
380 3439 487 3499 durum
511 3455 606 3514 opus:
629 3441 868 3517 distinguamus,
889 3453 989 3506 utrum
1010 3443 1127 3520 aliquis
