2378 3856
165 204 217 264 ΑΙ)
237 178 422 265 nunctum
442 203 493 263 nn
515 202 816 263 consotnrronn.
837 213 923 268 e-r.
969 203 1029 267 117

55 354 179 416 horrida
203 354 258 427 sit,
286 352 433 429 quicquid
458 357 547 428 potes
569 354 720 428 congeris.
753 355 811 425 Ne,
838 356 968 416 obsecro
990 363 1058 427 te,5

59 438 249 514 concupieris
273 436 535 512 perversissimam
552 436 679 510 gloriani
699 437 908 498 intelicissima
920 439 1029 499 videri.

57 522 146 582 simul
167 520 268 596 cogita
288 537 349 581 non
370 535 442 580 esse
462 536 604 594 magnum
626 521 720 580 rebus
741 524 899 596 prosperis
922 524 1029 582 lortem

56 622 90 665 se
104 620 225 680 gerere,
247 603 298 665 ubi
314 603 451 665 secundo
466 618 558 665 cursu
570 602 632 664 vita
647 605 794 678 procedit.
822 621 861 664 ne
874 607 1029 680 ‘guberna-

56 688 130 749 toris
141 688 274 763 quidem
295 691 390 748 artem
409 688 601 762 tranquillum
623 702 707 746 mure
721 693 751 746 et
765 687 941 762 obsequens
958 705 1028 750 ven-

55 781 102 833 tus
119 771 265 832 ostendit:
287 769 410 831 adversi
430 771 544 845 aliquid
559 771 692 831 incurrat
705 778 842 845 oportet,
866 774 950 847 quod
965 772 1029 832 ani-

56 872 137 914 mum
154 853 271 930 probet.
297 853 428 915 Proinde
442 870 481 915 ne
495 854 674 914 submiseris
689 862 728 928 te,
744 854 834 917 immo
850 863 956 916 contra
970 857 1058 930 ngeo

56 939 194 999 stabilem
217 939 344 1012 mudum
364 946 395 998 et
415 938 562 1014 quicquid
588 953 714 998 onerum
736 955 830 1013 supra
849 939 959 999 cecidit
979 956 1030 999 su·

56 1023 150 1094 stine,
167 1020 264 1096 primo
279 1023 436 1082 dumtaxat
450 1023 577 1097 strepitu
592 1020 765 1082 conterrita.
789 1024 871 1083 nulla
885 1039 919 1082 re
935 1024 1031 1083 maior

55 1104 170 1164 invidia
184 1105 321 1166 fortunae
336 1105 370 1166 lit
384 1122 474 1180 quam
489 1121 589 1180 aequo
602 1106 733 1166 animo.“
754 1105 828 1166 Post
838 1107 915 1166 haec
928 1114 1029 1167 osten-

56 1190 100 1248 dit
114 1187 156 1249 illi
171 1187 264 1249 filium
279 1187 471 1261 incolumem,
487 1189 621 1249 ostendit
635 1204 674 1247 cx
689 1189 803 1248 antisse
822 1196 961 1264 nepotes.

98 1272 149 1330 Vl.
176 1271 271 1332 Tuum
291 1273 366 1346 illic,
392 1272 522 1343 Marcia,
550 1272 703 1344 negotium
723 1279 836 1343 actum,
863 1272 917 1331 tibi
930 1274 1058 1336 Areusl

56 1355 184 1415 adsedit.
217 1358 300 1416 muta
324 1370 504 1430 personam:
527 1362 556 1413 tc
577 1354 755 1415 consolatus
776 1362 831 1414 est.
865 1352 927 1414 Sed
948 1362 1030 1429 puta,

54 1438 183 1510 Marcia,
204 1444 342 1513 ereptum
362 1437 416 1498 tibi
436 1437 568 1512 emplius
591 1454 681 1511 quarn
703 1438 764 1496 ullo
778 1453 922 1513 umquam
937 1446 1032 1498 mater

55 1521 200 1580 amiserit.
238 1537 299 1581 non
332 1520 506 1595 permulceo
532 1529 562 1580 te
586 1534 648 1581 'nec
674 1530 806 1582 extenuo
831 1521 1031 1582 calamitatem

56 1615 153 1663 tuom:
176 1603 202 1662 si
224 1601 345 1664 lletibus
368 1606 429 1664 lata
440 1604 617 1678 vincuntur,
636 1606 838 1666 conteramus.
869 1612 918 1664 eat
932 1604 1060 1670 omnist

56 1690 134 1746 inter
155 1688 254 1746 luctus
275 1686 351 1747 dies.
386 1692 505 1748 noctem
523 1689 590 1748 sine
604 1704 712 1749 sonmo
728 1690 847 1749 tristitia
862 1697 1031 1748 consumat.

56 1773 232 1844 ingerantur
256 1773 389 1832 lacerato
417 1770 533 1846 pectori
558 1788 664 1831 manus
691 1779 721 1832 et
745 1773 774 1831 in
800 1773 900 1847 ipsam
923 1771 1032 1831 iaciem

57 1856 178 1928 inpetus
199 1854 253 1914 liat
273 1861 365 1931 atque
387 1854 468 1916 omni
489 1871 524 1914 se
547 1871 660 1930 genere
678 1857 823 1916 saevitiae
840 1857 1031 1931 prolecturus

57 1952 180 1996 moeror
193 1946 347 1998 exerceat:
371 1939 427 1999 sed
448 1940 474 1998 si
496 1939 585 1999 nullis
602 1938 771 2014 planetibus
788 1940 930 1999 defuncta
942 1953 1031 1997 revo-

58 2026 179 2092 cantur,
200 2021 226 2080 si
247 2038 320 2086 sors,
334 2023 448 2083 inrnota
468 2031 499 2082 et
518 2023 547 2082 in
568 2031 723 2082 ueternum
737 2023 800 2082 fixe
814 2024 895 2082 nulla
911 2022 1032 2082 miseria

58 2108 190 2163 mutatur
210 2112 240 2162 et
261 2121 344 2165 mors
365 2105 463 2165 renuit
483 2105 629 2180 quicquid
644 2106 780 2179 abstulit,
806 2107 926 2166 desinat
946 2106 1035 2164 dolor

59 2186 113 2262 qui
134 2187 220 2260 perit.
253 2187 352 2260 Quare
372 2203 513 2262 regamur
534 2203 591 2247 nec
612 2204 669 2248 nos
691 2190 749 2247 ista
769 2188 817 2247 vis
837 2195 1062 2248 transversosit

57 2269 184 2330 atrierat.
214 2272 309 2345 turpis
325 2279 372 2331 est
387 2271 497 2345 navigii
511 2279 621 2344 rector,
638 2272 686 2330 cui
702 2271 907 2344 gubernacula
921 2269 1034 2330 fluctus

58 2351 184 2429 eripuit,
207 2351 260 2427 qui
282 2353 431 2413 fluitantia
450 2355 518 2413 vela
533 2353 682 2427 deseruit,
709 2354 845 2427 permisit
861 2352 1033 2427 tempestati

57 2445 170 2497 ratem:
198 2443 229 2496 at
252 2435 303 2497 ille
325 2438 373 2496 vel
395 2437 423 2496 in
447 2437 603 2510 naufragio
625 2436 796 2517 laudandus
822 2452 912 2512 quern
934 2435 1036 2497 obruit

60 2521 167 2596 [mare]
183 2536 291 2580 navem
307 2527 459 2582 tenentem
475 2527 505 2580 et
519 2520 674 2580 obnixum.
695 2525 697 2528 ⁴

121 2604 187 2664 Vll.
206 2607 278 2677 „At
298 2605 395 2664 enim
418 2605 595 2664 naturale
616 2604 857 2665 desiderium
878 2613 1061 2665 suorunrl

59 2692 148 2748 est.“
171 2685 245 2760 Quis
259 2696 364 2764 negat,
381 2687 528 2764 quamdiu
541 2688 774 2760 modicumest‘t
795 2705 865 2748 narn
881 2688 1032 2759 discessu,

59 2786 121 2831 non
143 2772 242 2831 solum
262 2772 428 2832 amissione
448 2772 673 2845 carissimorum
694 2774 888 2833 necessarius
911 2786 1033 2830 morsus

58 2860 108 2914 est
123 2861 153 2913 ct
166 2853 407 2916 firmissimorum
423 2871 547 2930 quoque
568 2854 738 2915 animorum
752 2853 929 2915 contractio.
963 2853 1034 2910 sed

58 2938 149 3013 plus
169 2944 228 2995 est
249 2938 350 3011 quod
370 2938 505 3011 opinio
521 2936 642 2996 adicit
657 2952 766 3010 quarn
782 2937 882 3009 quod
897 2941 1034 2994 natura

59 3017 274 3094 imperavit.
301 3020 439 3094 Adspice
459 3026 610 3079 mutorum
631 3018 803 3079 animalium
825 3035 917 3094 quani
931 3015 1063 3094 conci-2

61 3113 123 3164 tata
138 3102 199 3163 sint
219 3102 373 3164 desideria
388 3109 532 3162 ettamen
548 3117 637 3177 quam
653 3103 767 3161 brevia.
797 3118 956 3162 vaccarum
972 3115 1033 3160 uno

60 3189 112 3248 die
126 3189 261 3251 alterove
276 3187 408 3260 mugitus
423 3186 552 3257 auditur,
576 3201 632 3245 nec
644 3186 759 3265 diutins
775 3202 922 3262 equarum
937 3200 1034 3259 vagus

61 3270 112 3330 ille
133 3285 301 3345 amensque
322 3270 480 3332 discursus
501 3276 558 3329 est
590 3271 672 3328 ieme
693 3285 762 3330 curn
775 3271 905 3344 vestigia
920 3268 1034 3328 catulo·

62 3369 129 3413 rum
149 3360 342 3414 consectatae
363 3359 434 3413 sunt
458 3361 489 3413 et
509 3352 602 3412 silvas
625 3361 821 3428 pervagatae,
849 3368 917 3412 cunr
940 3363 1034 3423 saepe
1133 3376 1136 3380 ⁸

63 3437 101 3496 ad
118 3435 228 3497 cubilia
242 3439 374 3513 expilata
390 3434 547 3509 redierint,
570 3435 684 3495 rabiem
706 3437 784 3496 intra
799 3435 943 3509 exignum
961 3439 1033 3491 tem-
