2378 3856
121 199 182 264 loti
306 199 338 259 L.
362 197 508 258 nunaut
529 197 707 258 SENECAE
727 199 829 260 blut.
848 200 916 261 vlt.

116 368 166 413 arn
185 366 298 412 meamz
327 348 421 410 nihilo
443 348 584 408 miserius
606 362 675 424 ero,
697 349 724 409 si
747 350 833 410 lassa
850 351 958 410 cervix
978 368 1008 412 m

117 434 272 509 manipulo
287 432 369 492 loeni
388 432 581 508 adquiescet,
607 432 635 492 si
655 448 751 508 super
764 432 909 495 Gimense
929 442 1009 496 tame

118 533 173 594 per
187 523 322 578 sarturas
341 516 453 578 vctuis
473 515 555 577 lintei
575 514 705 577 effluens
726 516 889 579 incurbabb.
921 517 1003 592 Quid

116 607 186 661 estt
199 601 289 670 malo,
314 599 388 674 quid
403 599 475 660 milri
488 597 580 660 animi
595 596 641 673 sil,
661 600 825 661 ostendere
838 608 1009 676 praecantat

87 690 307 760 ggousapatus
324 699 415 759 quam
436 683 527 744 nudis
550 683 687 758 scopulis
707 689 760 744 aut
782 687 952 749 scalmos.
982 683 1009 745 0,

117 768 189 828 milri
205 783 242 827 ex
258 774 330 829 voto
358 766 425 827 dies
441 765 560 826 cedant.
590 781 689 827 nouae
703 767 922 841 gratulationes
940 768 1009 844 prio

87 902 94 913 .
116 853 333 914 subtexantur-2
354 866 416 912 non
437 849 476 910 ob
491 849 551 910 boc
565 848 637 910 mibi
659 851 798 924 placebo.
824 850 909 913 Muta
928 852 959 912 in
975 867 1009 914 co

115 937 192 997 rium
208 934 288 994 banc
302 931 519 1007 indulgentiam
541 934 697 1008 temporis,
717 933 788 994 binc
804 933 887 996 illinc
907 948 1009 1012 perclo

116 1017 235 1078 animus
247 1016 369 1090 damno,
385 1017 476 1089 luctu,
490 1015 717 1079 incursionibus
727 1017 831 1092 variis,
844 1018 930 1079 nmla
940 1019 1009 1081 hora

116 1100 218 1176 unqua
238 1101 364 1176 querele
384 1100 437 1160 sll=
465 1115 527 1160 non
547 1099 618 1161 ideo
638 1115 687 1160 me
709 1099 808 1162 dicam
826 1101 905 1163 inter
926 1104 1009 1164 miset

116 1182 269 1255 miserum,
288 1199 349 1246 non
365 1183 435 1244 ideo
449 1184 581 1258 aliquem
602 1185 790 1246 exsecrabor
813 1185 903 1247 diem.
937 1203 1009 1262 prou

116 1275 164 1329 cst
177 1268 257 1328 enim
271 1284 290 1328 a
303 1282 361 1341 me,
383 1280 422 1327 ne
437 1264 505 1342 quis
526 1265 598 1327 mibi
617 1273 682 1327 ater
702 1268 769 1329 dios
790 1276 884 1330 esset
919 1269 998 1344 Quid

116 1357 183 1413 estt
211 1353 291 1413 malo
313 1350 426 1427 gaudia
439 1358 617 1426 temperare,
634 1367 724 1426 qnam
746 1351 872 1415 dolores
893 1368 1009 1430 conpos

84 1436 181 1501 lHoc
204 1435 256 1495 tibi
278 1435 328 1496 illc
344 1433 488 1496 Socrates
507 1435 601 1495 diceb
629 1435 679 1494 lac
698 1450 747 1495 me
767 1435 915 1498 victorem
935 1438 1009 1498 unio

116 1536 182 1579 rum
202 1519 346 1593 gentium.
374 1517 523 1578 delicatus
542 1516 594 1579 ille
606 1517 707 1578 Liberi
727 1534 835 1581 currus
855 1520 1009 1596 utumpba

115 1616 217 1677 usquc
231 1602 270 1662 ad
284 1599 404 1661 Thebas
420 1617 438 1660 a
453 1602 528 1662 solis
544 1608 613 1662 ortu
632 1601 733 1663 reluat
755 1603 822 1664 iura
834 1618 926 1680 rages
938 1620 1009 1680 pena

117 1691 233 1760 petonb
256 1699 304 1744 me
322 1683 475 1745 hominem
495 1698 567 1745 esse
589 1685 721 1745 maxime
740 1687 903 1761 cogitabo,
921 1703 991 1750 cum

115 1769 251 1844 undiquc
273 1767 503 1832 consalutabor.
547 1768 625 1829 Huic
645 1777 705 1830 lam
726 1768 849 1831 sublimi
876 1770 997 1848 lastigie

116 1852 207 1926 iunge
229 1851 368 1927 protinus
390 1852 586 1926 praecipitem
607 1851 811 1913 mutationem.
840 1853 1009 1916 inalicnuu

115 1951 214 2010 ponar
240 1933 398 1996 fericulum
428 1942 631 1997 exornaturus
659 1936 785 2007 victoris
814 1937 941 2013 superbi
969 1952 1005 1998 ac

115 2033 276 2093 pompam:
298 2033 359 2079 non
379 2017 520 2081 humilior
542 2019 720 2081 subatione
742 2037 833 2082 curru
853 2037 929 2096 agar
948 2035 1009 2096 qna

114 2118 183 2165 meo
198 2109 350 2164 steteram.
381 2102 458 2177 Quid
472 2111 554 2177 ergo
564 2109 633 2163 estt
651 2103 774 2164 vincere
788 2111 888 2164 tamen
912 2120 1002 2180 quem

84 2193 100 2246 5
115 2187 205 2249 malo.
240 2186 347 2248 Totum
363 2187 503 2248 fortunae
516 2201 643 2262 regnum
658 2186 837 2263 despiciam,
858 2187 916 2248 sed
931 2204 970 2248 ex
984 2187 1009 2248 ill

115 2270 236 2332 dabitur
249 2270 367 2344 electio,
390 2269 516 2331 meliora
538 2285 665 2330 sumam.
696 2269 846 2346 Quicquid
866 2272 907 2332 ad
928 2287 976 2332 ma
997 2286 1009 2327 r

114 2353 160 2429 rit,
175 2355 289 2416 bonum
303 2355 364 2428 fiel,
385 2353 441 2415 sed
456 2354 535 2415 molo
554 2353 690 2415 faciliora
717 2369 754 2414 ac
768 2354 950 2416 iucundiora
971 2368 1009 2414 ve

115 2439 259 2498 etminus
280 2444 428 2498 vexatura
445 2443 632 2498 tractantem.
662 2453 722 2498 non
744 2445 792 2498 est
810 2439 900 2511 enim,
923 2437 1006 2514 quod

114 2520 219 2581 stimes
235 2520 326 2580 ullam
340 2535 412 2580 esso
429 2520 497 2579 siue
514 2521 619 2581 labore
634 2519 783 2596 virtutem,
798 2522 855 2582 sed
867 2522 1009 2596 quaedam

84 2610 195 2668 dtutes
215 2602 361 2676 stimulis,
389 2603 540 2678 quaedam
567 2604 662 2664 irenis
689 2610 789 2679 egent
828 2603 1009 2679 Quemadmt

115 2701 228 2761 corpus
243 2685 273 2745 in
289 2685 418 2761 proclivi
438 2687 561 2747 retineri
577 2687 676 2760 debel,
692 2687 843 2750 adversus
860 2689 957 2749 ardua
976 2688 1009 2762 lnj

114 2769 155 2829 ito
179 2769 329 2845 quaedum
351 2769 474 2830 vitulas
494 2769 525 2830 in
546 2769 675 2845 proclivi
698 2780 783 2845 sunt,
809 2772 1009 2848 quaedamst

114 2853 254 2914 subeunt.
283 2869 322 2913 an
338 2852 462 2914 dubium
480 2854 526 2929 sil,
550 2855 622 2930 quin
637 2857 793 2930 escendat,
814 2855 935 2931 nitatur,
955 2854 1009 2916 obl

115 2947 162 3000 tur
178 2936 331 3012 patientia,
347 2937 501 3012 fortitudo,
518 2938 748 3014 perseverantia
759 2944 789 2999 et
804 2952 1009 3014 quaecumque

83 3025 98 3082 l
114 3021 199 3083 duris
216 3021 360 3096 opposita
374 3021 469 3082 virtus
484 3030 533 3082 cst
544 3030 574 3083 et
586 3024 736 3084 somonam
753 3022 887 3098 subigitl
901 3022 979 3097 Quid
993 3037 1009 3080 e

113 3120 174 3165 non
187 3118 286 3178 neque
305 3105 498 3166 manifestum
513 3113 562 3166 cat
576 3121 631 3180 per
645 3105 798 3166 devexum
813 3105 858 3166 ire
871 3106 1009 3167 liberalia

112 3187 357 3262 temperantiam,
378 3189 663 3250 mansuetudinemt
688 3189 722 3248 In
743 3189 792 3250 bis
811 3190 1003 3250 conbnemus

113 3287 203 3344 mum,
229 3285 268 3331 ne
289 3271 479 3347 prolabatur,
505 3269 615 3332 inillis
636 3273 831 3335 exhortamur
851 3273 1009 3334 incitamus

112 3354 276 3417 acemimas
302 3371 375 3430 ergo
396 3354 568 3431 paupertati
588 3353 814 3431 adhibebimus,
839 3357 908 3417 illas
930 3371 1009 3433 quae

112 3439 341 3513 gnareseiunt,
362 3438 513 3500 tortiores.
549 3438 661 3500 divitiis
682 3438 749 3500 illas
770 3441 986 3516 diligentiores,
