2378 3856
107 197 172 262 22⁰
281 197 315 255 L.
337 196 485 257 anunm
507 196 683 256 SENECAE
705 194 809 260 ulau.
830 194 881 255 ill.

110 365 145 409 se
165 348 341 408 vindicaret
371 346 522 420 quamdiu.
538 345 627 406 luerit
640 344 722 406 ullus
735 346 830 406 literis
844 346 962 421 honor,
983 360 1094 423 qam,

110 433 167 493 diu·
177 430 296 493 steterit
307 437 361 490 aut
373 429 499 489 Latinae
513 430 638 504 linguae
651 428 787 504 potentia
803 438 856 490 aut
868 430 1015 493 Graecae
1021 445 1089 507 gra·

111 516 167 587 tia,
187 513 302 589 vigebit
322 528 392 573 eum
411 511 552 572 maximis
573 512 662 587 viris,
680 528 819 588 ¹quorum:
835 528 872 573 ee
892 512 1091 589 ingeniisvcl

112 599 237 660 contulit
262 599 328 671 vel,
353 598 385 657 si·
402 596 462 657 lroc
485 596 673 656 verecundia
690 596 759 656 eius
773 603 911 670 recusat,
933 596 1091 673 molluit.

36 730 42 739 .
84 685 177 761 ηπ]
201 682 266 742 Hoc
292 696 366 756 ergo
386 696 479 741 unum
499 679 697 755 excogitasti,
720 681 876 754 quomodo
897 678 1089 741 maximeilli

113 781 226 841 posses
241 780 363 826 nocere.
384 780 445 838 quo
461 763 568 824 melior
582 764 663 823 enirn
674 770 722 824 est
733 763 875 839 quisque,
891 762 1089 841 haemoniae

112 851 194 910 lerre
208 857 237 909 te
251 848 412 909 consuevit
426 846 497 906 sine·
507 848 569 907 ullo
585 848 707 907 delectu
721 847 873 908 larerelem
885 846 1090 923 commines

112 931 265 993 beneficia
284 930 486 991 metuendam.
517 930 707 1003 Quantulum
723 937 788 992 erat
805 930 859 992 uui
880 930 1090 992 bmaaeraab

112 1016 171 1075 hac
183 1015 291 1074 iniuria
302 1016 459 1089 praesare
470 1013 713 1088 earnhominent,
724 1015 755 1074 in
768 1029 859 1089 ouem
871 1014 1037 1077 medullio
1045 1013 1087 1075 in·

113 1097 269 1172 dulgentia
284 1096 467 1157 lucratione
482 1104 567 1157 certa
579 1098 761 1173 pervenisse
773 1104 803 1158 et
814 1105 997 1160 nonexluo
1006 1108 1089 1161 nere

113 1190 228 1242 temere
244 1180 439 1241 incidisser‘⁴

87 1279 99 1329 1
177 1266 228 1324 lll.
250 1264 445 1336 Adicimus,
465 1262 492 1323 si
507 1263 569 1337 vis,
585 1263 626 1323 ad
640 1264 698 1324 has
713 1265 856 1340 querelas
871 1264 973 1340 ipsius
987 1264 1090 1325 adule-

116 1349 231 1410 scentis
254 1350 455 1423 interceptam
470 1347 548 1407 inter
562 1349 659 1422 patna
673 1348 860 1408 incrementa
874 1348 1028 1409 indolem·
1047 1347 1089 1407 dt

115 1448 194 1508 gnus
211 1433 266 1492 luit
280 1432 330 1491 ille
344 1438 375 1492 le
390 1432 491 1491 detra
520 1438 554 1490 tu
565 1440 648 1491 certe
662 1447 733 1491 eras
748 1431 965 1506 dignissimos,
987 1431 1041 1507 qui
1054 1440 1089 1489 aa

116 1532 155 1574 ex
170 1516 296 1589 indigno
312 1515 434 1589 quidem
450 1515 614 1589 quicquam
629 1515 754 1576 doleres
768 1516 877 1575 iratres
895 1515 1039 1577 roddan
1050 1511 1088 1575 tl

116 1597 322 1660 testimonium
345 1599 474 1672 aequale
496 1600 630 1659 omnium
649 1597 818 1659 hominum
846 1596 1088 1661 desideratur&

84 1692 101 1743 2
116 1691 202 1744 tuum
216 1682 383 1754 honorem,
399 1682 539 1742 laudatur
552 1682 584 1741 ia
597 1698 696 1742 suum.
718 1682 797 1741 Nihil
812 1684 843 1741 ia
857 1681 911 1742 illo
927 1682 994 1757 luit,
1009 1679 1089 1757 qaod

117 1781 179 1826 non
204 1765 332 1826 libenter
352 1780 550 1838 agnosceres.
578 1772 612 1825 tu
632 1765 756 1841 quidem
774 1764 865 1825 etiarn
886 1765 990 1827 minua
1009 1766 1088 1827 bon'o

118 1850 201 1908 tratri
216 1849 330 1908 luisses
345 1849 457 1919 bonus,
472 1849 528 1907 sed
543 1849 575 1907 in
587 1849 639 1908 illo
651 1849 751 1924 pietas
762 1857 815 1910 tua
826 1848 994 1911 indoneam
1005 1854 1089 1911 nacla

117 1930 273 1992 materiam
288 1932 381 1990 multo
394 1946 429 1990 se
440 1929 565 1991 liberius
577 1933 722 1992 exercuit.
744 1948 834 1993 nemo
847 1932 1089 2008 potentianeius

117 2015 228 2075 iniuria
249 2012 360 2086 sensit,
381 2030 547 2090 numquam
566 2016 617 2074 ille
637 2022 669 2075 te
682 2017 804 2076 fratrem
819 2017 1089 2079 allinenatuseet

118 2098 159 2157 ad
174 2099 348 2174 exemplum
364 2112 399 2157 se
410 2097 580 2159 modestiae
590 2106 662 2159 luae
674 2100 858 2160 inuenerat
868 2100 1090 2176 malque,

121 2191 266 2256 quantum
283 2187 339 2255 [tu]
355 2189 386 2242 et
406 2190 615 2242 ornamentum
629 2190 750 2243 tuorum
764 2198 853 2244 esses
868 2191 901 2245 ol
912 2198 1012 2245 cenez
1032 2182 1090 2244 aad·

89 2267 192 2331 eiecit
205 2266 255 2326 ille
270 2266 341 2326 huic
358 2265 508 2325 sarcinae.
530 2265 553 2326 0
570 2267 646 2326 dura
659 2267 718 2326 lala
733 2274 762 2327 et
776 2268 868 2327 nullis
886 2267 1091 2343 aequam-

119 2348 217 2410 tibusl
249 2358 415 2424 antequam
442 2349 614 2410 felicitatem
644 2366 731 2410 suam
753 2359 862 2411 nosset
887 2351 984 2412 trater
1007 2358 1091 2421 tuus,

121 2441 282 2508 exemptus
297 2441 353 2493 est.
381 2432 491 2497 Parum
504 2440 605 2493 aulem
619 2449 669 2492 rne
683 2433 837 2508 indignari
849 2434 926 2494 seio.
958 2432 1036 2495 nillil
1049 2439 1094 2494 ost

121 2515 201 2574 enirn
223 2516 377 2575 difficilius
394 2531 484 2591 quarn
500 2532 610 2590 magno
625 2517 725 2576 dolon
740 2516 827 2592 paria
839 2517 938 2579 verba
947 2517 1093 2593 muira.

121 2596 291 2658 etiamnune
312 2607 427 2670 amen,
448 2597 476 2657 si
497 2598 571 2673 quid
589 2600 739 2674 prolicere
754 2616 939 2676 possumus,
959 2614 1094 2677 conque·

92 2687 236 2739 oramurr
262 2681 367 2754 „Quid
391 2680 444 2739 tibi
466 2682 604 2755 voluisti,
627 2690 688 2742 tam
708 2682 820 2744 iniusta
840 2691 871 2744 et
886 2690 948 2745 lam
963 2685 1096 2746 violenta

122 2765 264 2824 louuual
277 2770 338 2823 tem
354 2765 413 2824 cilo
423 2773 453 2824 te
464 2765 668 2840 indulgentiae
680 2775 750 2828 tuae
763 2766 931 2842 poenituit?
945 2777 1029 2843 quae
1038 2765 1096 2827 ieta

123 2847 286 2907 crudelitas
306 2853 376 2909 estt
397 2848 427 2907 in
448 2849 566 2909 medios
588 2849 695 2911 fratres
717 2849 857 2926 inpetum
875 2852 1096 2929 laeereollaar

123 2939 249 2992 cruenta
267 2930 375 3008 rapina
397 2933 673 2993 concordissimam
691 2935 811 2994 turbam
823 2934 1026 3008 inminuere,·
1037 2942 1095 2995 aar

121 3015 201 3074 bene
216 3016 358 3090 stipatam
374 3017 557 3090 optirnarum
569 3017 811 3078 adulescentium
822 3019 957 3092 demunt,
970 3018 1003 3079 iu
1014 3016 1097 3079 nollo

122 3098 215 3156 fratre
236 3099 485 3173 degenerantem,
505 3100 629 3160 turbare
649 3107 680 3160 et
694 3101 763 3161 sine
774 3103 837 3162 ulla
850 3117 947 3162 eausa
961 3100 1098 3163 delibare

94 3180 269 3240 evoluistit
293 3180 373 3239 Nihil
387 3192 459 3255 ergo
476 3183 605 3256 prodest
617 3181 793 3246 innocentia
806 3184 847 3245 ad
862 3200 985 3246 onnam
999 3184 1099 3260 legem

124 3271 246 3334 exacta,
271 3262 343 3322 nihil
364 3265 490 3340 auoque
511 3264 683 3340 irugalitas,
704 3267 781 3328 nihil
793 3266 946 3330 felicitatis
961 3280 1099 3329 summae

124 3347 275 3421 potentia,
290 3347 408 3407 summa
419 3355 603 3408 conservata
616 3350 816 3423 abstinentia,
828 3350 903 3412 nihil
916 3353 1060 3413 sincerus
1071 3360 1100 3411 et

123 3438 206 3491 tutus
226 3433 379 3492 literarum
400 3446 499 3506 anor,
524 3431 597 3492 nihil
618 3433 657 3493 ab
678 3435 760 3494 omni
775 3434 845 3495 labe
858 3451 949 3496 mens
961 3438 1101 3497 samuel
