2378 3856
117 189 313 250 necronnr
330 168 689 253 ouurnovronnrm
709 191 777 254 srr.
799 196 838 254 v.
853 196 906 254 vr.
964 194 1005 260 15

58 349 83 409 ia
105 352 135 408 et
156 345 311 406 libidinem
328 361 450 405 caecam
466 353 497 406 et
511 344 611 408 alieno
626 345 823 407 inminentem
837 345 1003 413 avaritiam.

58 448 104 495 tos
118 437 220 492 tuetur
234 445 271 488 ac
288 430 436 490 vindieat:
456 429 606 504 numquid
626 429 687 492 hoc
710 446 835 506 quoque
857 431 969 507 aliquis
986 449 1004 492 a

58 532 74 579 o
96 514 205 589 exigit,
227 519 260 573 ut
276 513 427 575 bonorum
452 513 592 573 virorum>
607 514 697 574 etiam
720 514 860 577 sarcinas
881 523 1004 578 servet?

58 599 171 660 nittunt
185 597 246 672 ipsi
261 596 341 656 hanc
356 599 415 659 deo
431 612 546 656 curam.
570 605 696 658 externa
710 606 916 662 contemnunt.
943 600 1030 668 [le-a
1140 649 1141 652 ,

58 683 162 745 :oritus
177 679 299 742 divitiae
320 680 448 756 proiecit
467 681 548 742 onus
564 681 633 740 illas
650 681 752 742 bonae
773 683 883 745 mentis
899 682 1002 743 existi-

58 783 119 830 ms:
137 766 209 842 quid
224 771 321 841 ergol
342 764 475 837 mlieris,
501 765 528 825 si
541 765 572 835 id
589 765 668 826 deus
684 765 766 826 bono
781 767 846 826 viro
862 767 1003 828 accidere

58 852 144 926 titur,
169 850 252 926 quod
277 851 323 908 vir
348 848 449 909 bonus
475 848 642 923 aliquando
663 850 728 911 vult
755 848 820 926 sibi¹
841 849 1004 911 accideret

59 951 98 997 os
113 935 252 996 amittunt
268 933 325 992 viri
345 932 435 994 boni:
457 932 578 1008 quidni,
603 949 672 994 cum
689 934 855 1009 aliquando
875 940 906 995 et
921 934 1002 995 occi-

58 1027 109 1081 ntl
129 1019 160 1079 in
182 1018 305 1079 exilium
321 1018 493 1079 mittuntur:
516 1017 637 1092 quidni,
662 1033 731 1078 curn
752 1018 919 1092 aliquando
942 1017 1006 1093 ipsi

57 1104 145 1165 triam
171 1119 232 1164 non
260 1100 416 1177 repetituri
437 1102 634 1176 relinquenti
661 1101 857 1162 occiduntur:
885 1102 1001 1178 quidni,

58 1203 85 1246 m
106 1185 271 1263 aliquando
292 1185 353 1260 ipsi
370 1184 429 1254 sibi
449 1201 558 1245 manus
577 1185 736 1259 adferent?
761 1184 887 1258 „Quare
901 1198 1031 1260 >uuae-3

58 1288 87 1331 tn
103 1273 180 1330 dura
200 1270 401 1346 patiunturll‘
418 1275 451 1329 ut
465 1268 544 1329 alios
561 1268 623 1342 pati
639 1268 781 1328 doceant.
808 1268 870 1328 nati
885 1271 1000 1330 suntin

58 1356 182 1431 emplar.
211 1360 285 1429 puta
306 1353 411 1428 itaque
431 1353 524 1412 deum
544 1351 663 1411 dicere:
686 1350 758 1426 quid
781 1350 900 1411 habetis
917 1354 1000 1427 quod

75 1455 124 1506 me
143 1438 229 1514 queri
251 1437 385 1512 possitis
399 1453 457 1497 vos
480 1435 592 1511 quibus
612 1441 697 1496 recta
715 1436 914 1511 placuerunt?
933 1436 1000 1495 aliis

57 1538 97 1581 na
112 1523 190 1582 falsa
204 1519 392 1582 circumdedi
407 1527 438 1580 et
453 1520 571 1580 animos
586 1518 693 1581 inanes
711 1521 792 1581 velut
809 1521 901 1594 longo
917 1521 1001 1581 falla·

58 1621 107 1682 pue
130 1605 250 1666 somnio
266 1605 341 1666 lusi:
367 1620 441 1664 auro
457 1604 526 1664 illos
548 1610 578 1664 et
599 1611 724 1678 argento
747 1612 777 1664 et
798 1604 893 1664 ebore
911 1605 1000 1665 ador·

58 1689 102 1764 vi,
125 1689 206 1751 intus
222 1690 296 1752 boni
318 1687 391 1749 nihil
406 1696 463 1748 est.
492 1688 546 1748 lsti
563 1705 642 1762 quos
659 1704 715 1762 pro
737 1688 878 1749 felicibus
897 1687 1030 1762 edepl-4

58 1791 84 1846 :,.
100 1773 126 1834 si
141 1791 203 1835 non
223 1789 284 1849 qua
299 1778 478 1845 occurrunt,
494 1773 551 1831 sed
567 1789 628 1846 qua
642 1773 738 1832 latent
754 1772 883 1846 videris,
898 1770 1002 1832 miseri

58 1864 103 1931 ot,
120 1856 391 1933 sordidi,turpes‚
407 1857 447 1915 ad
463 1855 688 1929 similitudinem
708 1856 858 1931 parietum
875 1871 1001 1916 suorum

58 1941 211 2002 trinsecus
226 1941 307 2002 culti.
337 1957 398 2001 non
420 1946 469 1999 est
486 1939 545 2000 ista
560 1939 660 2002 solida
675 1947 704 2000 et
719 1941 839 2000 sincera
856 1940 1000 2000 felicitas:

58 2029 122 2084 usta
143 2031 242 2086 estet
263 2024 386 2099 quidem
403 2023 513 2083 tenuis.
542 2024 645 2099 itaque
666 2024 738 2084 dum
760 2024 818 2086 illis
834 2025 906 2085 licet
920 2031 1001 2084 stare

64 2108 103 2167 ad
125 2108 280 2168 arbitrium
304 2122 393 2165 suum
417 2107 555 2180 ostendi,
577 2107 672 2167 nitent
692 2113 724 2166 et
744 2108 903 2181 inponunt.
932 2122 1001 2166 curn

60 2190 134 2260 quid
155 2187 261 2253 incidit
281 2189 541 2262 quoddisturbet·
560 2205 596 2248 ac
619 2189 754 2261 detegat,
769 2196 847 2250 tunc
874 2190 1002 2263 adparet

60 2276 163 2330 antum
175 2270 255 2328 altae
265 2285 302 2327 ac
311 2285 408 2329 verae
416 2271 569 2330 foeditatis
582 2269 700 2328 alienus
712 2272 859 2344 splendor
870 2272 999 2330 abscon-

57 2355 114 2414 rit.
125 2352 224 2415 Vobis
237 2351 309 2411 dedi
323 2351 405 2412 bona
416 2358 508 2424 certa,
522 2367 680 2424 mansura,
697 2359 810 2426 quanto
825 2354 923 2426 magis
934 2368 999 2412 ver·
1012 2361 1029 2434 ‚⁵

58 2438 129 2498 uerit
156 2435 268 2512 aliquis
295 2442 325 2496 et
345 2433 482 2509 undique
508 2434 693 2510 inspexerit,
721 2436 848 2497 meliora
872 2436 1000 2500 maiora-

60 2538 87 2582 e.
120 2521 244 2597 permisi
272 2521 361 2581 vobis
394 2519 557 2579 metuenda
580 2525 791 2593 contemnere,
817 2519 1000 2597 cupiditates

58 2605 162 2665 rtidire.
192 2621 253 2665 non
273 2606 395 2680 fulgetis
411 2603 618 2678 extrinsecus,
634 2605 715 2665 bona
732 2611 835 2666 vestra
850 2607 1000 2666 introrsus

59 2696 240 2749 versasunt.
262 2690 308 2749 sic
320 2689 452 2749 mundus
464 2687 618 2749 exteriora
630 2691 814 2765 contempsit
824 2691 1000 2765 spectaculo

58 2772 185 2833 ilaetus.
209 2773 290 2834 intus
309 2790 399 2835 omne
412 2773 515 2849 posuit
524 2773 650 2854 bonum.
672 2789 734 2833 non
753 2789 844 2848 egere
858 2772 1001 2834 felicitate
1016 2831 1018 2834 a

59 2853 145 2915 icilas
160 2863 265 2916 vestra
279 2865 335 2919 est.
365 2859 432 2933 „At
445 2857 539 2917 multa
553 2857 691 2917 incidunt
705 2857 816 2931 tristia,
838 2857 1030 2929 horrendae

60 2955 102 2998 ra
116 2941 274 3000 toleratu.“
304 2942 380 3015 Quia
399 2958 460 3002 non
485 2947 622 3016 poteram
643 2956 701 3000 vos
723 2941 790 3000 istis
814 2941 999 3020 subducere,
1122 2941 1125 2946 '

56 3024 136 3084 imos
148 3031 268 3084 vestros
280 3025 430 3085 adversus
442 3026 544 3085 omnia
558 3024 683 3084 armavi.
706 3024 781 3084 ferte
797 3024 922 3084 fortiter.
941 3022 1001 3084 hoc

58 3116 65 3167 t
80 3123 141 3183 quo
158 3107 249 3167 deum
266 3109 468 3169 antecedatis:
490 3110 540 3168 ille
562 3114 648 3169 extra
662 3108 838 3182 patientiam
852 3108 1001 3168 malorum

58 3197 78 3266 ι,
100 3207 158 3252 νοε
173 3206 269 3265 supra
284 3191 467 3265 patientiam.
497 3191 685 3253 Contemnite
702 3199 927 3268 paupertatem:
949 3206 1001 3250 ne·

58 3290 65 3334 t
78 3282 138 3336 tam
152 3290 270 3350 pauper
284 3274 357 3333 vivit
372 3291 460 3349 quam
473 3282 629 3337 natusest.
653 3276 837 3336 contemnite
848 3276 1001 3336 dolorem:

58 3365 70 3418 t
83 3361 220 3419 solvetur
231 3364 284 3418 aut
295 3359 402 3418 solvet.
425 3359 608 3419 contemnite
623 3366 766 3420 mortem:
783 3376 863 3435 quae
878 3374 935 3418 vos
951 3362 1004 3416 aut

59 3441 82 3502 it
96 3449 150 3504 aut
162 3443 313 3504 transfert.
342 3442 526 3502 contemnite
541 3443 707 3502 fortunam:
723 3444 839 3503 nullum
854 3442 895 3502 illi
910 3441 1003 3500 telum
