2378 3856
113 201 156 265 Bb
400 200 434 259 L.
455 199 603 258 arnnal
623 198 798 259 SENECAE

114 355 175 416 vidi
190 354 230 416 sit
244 351 356 428 ingenii
370 368 409 410 an
425 349 526 425 frigidi
541 358 633 424 atque
647 349 784 411 bonitius
799 364 956 425 generoso
967 354 1101 429 repulsa

113 440 188 499 bam
206 437 370 512 exprimet,
385 434 530 509 languido
542 434 691 509 inertique
705 433 864 495 uisbbam.
896 432 982 509 ttrgo
1002 437 1098 499 aetio

113 537 169 582 nes
184 526 308 581 nostrae
322 534 379 580 nec
401 533 515 594 parvae
536 515 597 577 sint
615 532 672 577 nec
686 517 821 577 audaces
836 524 866 577 et
880 515 1047 592 inprobae.
1068 518 1099 579 in

112 604 247 667 vicinum
270 618 345 678 spes
370 609 469 662 exeat.
500 600 574 661 nibil
596 614 757 673 conemur,
783 599 867 676 quod
893 615 970 661 mox
990 602 1099 678 adepti

115 703 240 764 quoque
253 687 446 747 successisse
460 683 613 745 miremur.

85 777 99 832 l
174 771 255 832 Vlll.
282 771 396 832 Demus
417 784 559 844 operam,
581 782 620 827 ne
639 766 826 843 accipiamus
843 765 1003 842 iniuriam,
1026 767 1098 845 quia

114 858 194 918 ierne
208 855 373 915 nescimus.
408 851 484 913 cum
498 849 708 926 placidissimo
724 858 754 911 et
765 850 907 911 facillimo
922 857 956 911 et
972 852 1097 913 minime

114 940 206 1000 anxio
226 950 416 1011 morosoque
433 934 598 995 vivendum
613 941 675 994 est=
698 943 889 996 sumuntura
905 949 1093 998 conversan·

113 1021 195 1084 tibus
215 1035 317 1081 mores
338 1026 369 1080 et
395 1025 428 1080 ut
449 1018 600 1094 quaedam
622 1018 652 1077 in
675 1024 834 1079 contactos
857 1019 1002 1093 corporis
1025 1020 1097 1081 vitia

87 1103 320 1178 insomnium,
339 1101 381 1164 ita
394 1100 513 1163 animus
528 1103 608 1161 mala
628 1116 685 1161 sua
699 1100 847 1177 proximis
862 1100 969 1162 tradite
994 1102 1096 1165 ebrio·

115 1204 170 1251 sus
183 1188 375 1250 convictores
389 1186 420 1246 in
435 1201 569 1246 amorem
583 1185 658 1245 meri
673 1186 772 1246 traxit
792 1185 1009 1260 inpudioorum
1025 1202 1095 1247 coe-

114 1281 164 1334 tus
181 1273 289 1332 fortem
309 1277 493 1347 quandem,
514 1269 541 1330 si
555 1269 659 1342 liceat,
680 1270 778 1330 virum
798 1268 934 1329 emolliit.
966 1270 1097 1331 aranda

115 1357 144 1416 in
167 1356 326 1431 proximos
351 1355 437 1415 virus
463 1369 553 1414 suum
576 1354 737 1415 transtulit
769 1352 884 1412 Eadem
904 1367 946 1412 ex
966 1352 1095 1415 diverso

114 1441 191 1502 ratio
207 1440 351 1501 virtutum
365 1448 428 1511 est,
445 1444 477 1497 ut
494 1451 584 1497 omne
599 1437 683 1511 quod
697 1452 801 1497 secum
817 1434 930 1497 babent
945 1436 1095 1513 mitigent

115 1529 248 1582 nectam
264 1521 421 1581 valitudini
434 1521 549 1595 proluit
563 1519 645 1581 utilis
660 1518 746 1595 regio
758 1526 789 1581 et
803 1518 958 1579 salubrius
974 1520 1095 1581 coelum

85 1621 208 1682 squam
223 1603 332 1665 animis
348 1620 455 1679 parum
468 1604 563 1665 firmis
578 1605 610 1663 in
625 1603 714 1663 turba
726 1603 851 1666 metiore
863 1602 993 1665 versari.
1011 1602 1095 1679 Quae

115 1706 165 1750 res
187 1694 332 1763 quantum
354 1687 456 1763 possit
478 1686 655 1761 intelleges,
677 1687 704 1747 si
728 1687 841 1747 videris
863 1686 946 1746 ieras
968 1702 1096 1763 quoque

116 1772 258 1832 convictu
292 1778 397 1832 nostro
432 1785 648 1831 mansuescere
680 1768 816 1845 nullique
850 1769 941 1830 etiam
980 1770 1096 1831 inmani

115 1855 232 1916 bestiae
252 1855 313 1915 vim
337 1871 425 1916 suam
446 1868 639 1929 permanere,
663 1855 690 1913 si
710 1853 841 1915 hominis
862 1852 1097 1916 contubernium

116 1939 168 1999 diu
189 1953 284 2013 passa
305 1947 361 1998 est.
394 1938 563 1999 retunditur
585 1937 684 1997 omnis
712 1936 864 2013 asperitas
886 1937 1096 2014 paulatimque

115 2024 194 2082 inter
214 2021 335 2097 placida
355 2021 532 2082 dediscitur.
563 2021 682 2081 accedit
702 2020 776 2095 buc,
798 2020 883 2096 quod
897 2036 960 2080 non
976 2028 1096 2082 tantuna

115 2107 257 2181 exemplo
273 2105 379 2166 melior
399 2105 432 2164 fit
447 2104 500 2181 qui
519 2121 588 2166 cum
605 2103 716 2179 quietis
730 2104 905 2165 hominibus
919 2102 1015 2180 vivit,
1039 2104 1095 2165 sed

116 2190 202 2267 quod
216 2205 328 2250 causas
342 2189 495 2250 irascendi
509 2204 571 2249 non
586 2188 700 2248 invenit
716 2203 773 2248 nec
784 2186 889 2249 vitium
901 2203 992 2248 suum
1004 2204 1096 2249 exer·

116 2281 181 2334 ceta
205 2273 312 2349 lugere
337 2273 439 2348 itaque
463 2272 588 2333 debebit
608 2271 707 2332 omnis
729 2287 809 2346 quos
833 2271 1012 2333 irritaturos
1036 2273 1095 2333 ira·

87 2356 257 2421 loundiam
271 2357 357 2418 sciat.
392 2355 468 2431 „Qui
483 2364 568 2427 suot,
585 2355 702 2429 inquis,
718 2355 814 2415 istit“
845 2354 930 2415 Multi
944 2369 986 2414 ex
999 2355 1096 2417 variis

116 2442 219 2501 causis
245 2441 325 2499 idem
350 2439 477 2500 lactaris
508 2438 644 2500 offendet
672 2445 702 2498 te
725 2438 879 2513 superbus
905 2445 1095 2516 contemptu,

116 2522 205 2581 dicax
227 2521 426 2596 contumelia,
452 2524 593 2597 petulans
614 2521 740 2592 iniuria,
765 2520 877 2583 lividus
898 2522 1094 2597 malignitate,

115 2620 239 2680 pugnax
262 2602 471 2674 contentione,
493 2612 641 2665 ventosus
662 2612 693 2663 et
711 2606 842 2665 mendax
858 2604 1003 2666 vanitate.
1032 2622 1094 2667 ooo

116 2690 197 2749 lares
219 2702 238 2746 a
258 2685 435 2762 suspicioso
454 2687 565 2761 timeri,
586 2704 605 2746 a
625 2687 780 2761 pertinace
799 2688 895 2760 vinci,
920 2705 938 2749 a
959 2687 1094 2751 delicato

87 2770 254 2832 clastidiri.
286 2769 373 2845 Elige
395 2771 565 2846 simplices,
587 2770 709 2845 laelios,
730 2773 921 2845 moderatos,
942 2773 996 2847 qui
1016 2773 1094 2833 iram

115 2863 196 2915 tuam
212 2871 269 2916 nec
284 2861 415 2915 evocent
429 2863 460 2916 et
474 2855 581 2915 lerant.
607 2855 705 2930 magis
719 2855 820 2915 adhue
835 2856 1004 2931 proderunt
1019 2855 1093 2917 sub-

116 2938 202 2999 missi
221 2947 251 3000 et
265 2939 387 3001 bomani
403 2947 432 3002 et
446 2940 568 3012 drrtces,
590 2955 652 3000 non
667 2946 767 3000 tamen
781 2953 881 3014 usque
895 2936 926 2998 in
941 2938 1094 2999 adulatio·

87 3029 193 3084 tinem.
215 3039 283 3083 nam
299 3025 463 3086 iracundos
478 3022 571 3083 nimia
582 3021 752 3084 adsentatio
767 3021 903 3084 offendit.
925 3020 999 3083 Erat
1009 3028 1094 3083 certe

117 3104 232 3165 amicus
258 3114 364 3167 noster
388 3108 574 3178 virbonus,
598 3106 655 3166 sed
678 3107 742 3166 irae
762 3105 939 3182 paratioris,
966 3105 1018 3166 cui
1031 3122 1094 3167 noa

117 3188 213 3261 magis
240 3195 335 3249 tutum
362 3199 427 3250 erat
455 3188 584 3251 blandiri
614 3205 705 3264 quam
725 3189 916 3251 maledicere.
957 3188 1093 3251 Coelium

118 3278 270 3332 oratorem
293 3271 391 3333 luisse
415 3271 681 3333 iracundissimum
706 3281 834 3336 constat.
867 3290 935 3335 cum
955 3289 1037 3349 quo,
1061 3280 1096 3334 nt

117 3356 216 3429 aiunt,
240 3356 389 3417 coenabat
408 3357 439 3416 io
459 3356 599 3416 cubiculo
614 3356 710 3416 lectae
725 3357 887 3432 patientiae
899 3357 1012 3431 cliens,
1035 3354 1095 3419 sed

118 3439 241 3499 dillioile
255 3448 320 3501 erat
334 3440 376 3500 illi
390 3442 420 3500 in
436 3440 578 3515 copulam
593 3439 731 3500 coniecto
744 3440 842 3500 rixam
854 3441 921 3503 eius
936 3456 1007 3502 cum
1028 3454 1093 3517 quo
