2378 3856
167 115 209 178 lo
457 117 490 175 L.
511 116 658 176 ANNAEI
681 114 857 176 SENECAE

166 287 272 333 musca
285 288 393 348 parum
411 270 533 330 curiose
547 270 650 342 iugata
666 267 695 326 in
714 267 829 326 rabiem
844 275 916 342 agal
931 276 985 330 aut
1005 269 1152 333 obversa

166 356 320 417 tuscanis
344 362 396 414 aul
425 354 520 413 clavis
544 350 732 425 neglegentis
756 351 837 410 servi
860 351 1004 412 manibus
1024 355 1153 431 elapsat

138 437 256 499 *Feret
268 438 325 497 iste
337 452 438 513 aequo
452 437 551 496 animo
564 434 653 494 civile
665 434 836 493 convicium
850 440 881 494 et
898 431 1024 509 ingesta
1035 437 1068 497 in
1082 454 1152 500 con·

166 521 255 580 oione
270 520 392 580 curiave
405 519 574 589 maledicta,
583 518 671 578 cuius
683 533 773 577 aures
785 516 871 577 tracti
885 517 1027 579 subsellii
1039 522 1152 583 stridor

167 602 315 663 offendit?
345 602 532 679 perpetietur
549 601 599 661 hic
615 602 725 660 larnem
742 607 772 660 et
792 601 929 661 aestivae
940 603 1151 677 expeditionis

167 687 256 757 sitim,
275 686 327 761 qui
343 702 439 761 puero
452 687 531 744 male
544 684 669 744 diluenti
683 685 782 744 nivern
796 683 957 745 irascitur?
988 686 1083 749 Nulla
1099 690 1151 749 ita

167 785 290 845 queres
304 769 401 843 magis
415 768 602 829 iracundiam
622 766 674 828 alil
691 783 782 841 quam
799 767 919 828 luxuria
940 769 1151 846 intemperans

109 917 116 929 .
166 852 462 926 ctinpatiensadurc
474 850 1150 922 uacmndusanimusestulietumnonsen·

167 936 220 995 liat
239 935 295 994 nisi
314 950 448 1010 merent.
712 998 716 1003 ,

137 1025 153 1076 1
226 1017 333 1077 XXVI.
354 1017 568 1078 Irascimur
586 1024 651 1077 eut
668 1019 732 1091 lis,
751 1034 770 1076 a
790 1018 930 1092 quibus
948 1034 1021 1080 nec
1043 1023 1149 1082 acci·

166 1117 255 1176 pere
275 1103 457 1162 iniuriam
479 1099 696 1177 potuimus,
719 1109 784 1162 aut
799 1101 864 1173 iis,
883 1117 903 1161 a
920 1102 1070 1176 quibus
1089 1121 1149 1166 ac·

137 1185 297 1259 ccipere
319 1186 501 1245 iniuriam
521 1184 725 1259 potuimus.
758 1184 805 1243 Ex
822 1185 976 1260 prioribus
995 1189 1149 1262 quaedam

166 1268 233 1330 sine
246 1285 341 1330 sensu
359 1276 440 1339 sunt,
458 1277 491 1329 ut
509 1269 593 1342 liber,
614 1283 704 1343 quern
723 1267 936 1329 minutioribus
952 1267 1055 1332 literis
1075 1274 1148 1332 scri·

165 1360 250 1427 ptum
263 1368 358 1426 saepe
370 1351 556 1426 proiecimus
570 1359 601 1412 et
618 1353 800 1411 mendosum
817 1351 1037 1427 laboravimus,
1049 1362 1088 1416 nt
1100 1371 1148 1416 ve

167 1436 315 1506 sumente,
341 1450 431 1509 quae,
453 1436 525 1509 quia
546 1434 758 1509 displicebant,
782 1435 938 1495 seidimus.
985 1435 1037 1498 his
1057 1438 1148 1500 masei

167 1533 258 1591 quarn
276 1520 397 1578 stallum
413 1527 470 1590 est,
489 1533 569 1593 quae
586 1519 661 1576 iram
678 1524 813 1578 nostram
825 1533 882 1579 nec
893 1530 1075 1584 mmumunt
1094 1537 1148 1583 nec

135 1601 318 1660 esentiunlt
348 1600 432 1675 „Sed
445 1600 606 1661 offendunt
616 1617 675 1661 nos
686 1602 829 1663 videlicet
843 1600 896 1677 qui
909 1602 961 1664 illa
979 1605 1148 1667 lacernam

163 1683 294 1743 Primum
309 1700 404 1758 saepe
418 1692 581 1759 antequam
597 1683 656 1744 hoc
673 1685 756 1760 apud
775 1702 833 1745 nos
851 1686 1081 1761 distinguamus
1092 1690 1148 1749 ira·

164 1768 286 1825 scimur.
330 1767 442 1826 deinde
458 1767 591 1827 tortasse
612 1769 672 1841 ipsi
690 1783 815 1843 quoque
828 1768 962 1829 artifices
973 1773 1147 1833 excusatio

163 1863 220 1908 nes
236 1849 332 1908 iustas
347 1851 500 1910 adserentz
518 1851 595 1910 alius
616 1867 677 1911 non
697 1852 794 1926 potuit
808 1851 917 1912 melius
935 1853 1041 1915 lacere
1058 1872 1146 1930 quam

164 1932 244 2004 lecit,
260 1947 317 1992 nec
332 1934 373 1993 ad
386 1941 469 1993 luam
485 1934 697 1994 coutumeliam
717 1951 826 2009 parum
839 1934 953 1996 didicit
984 1936 1068 1999 alius
1087 1956 1144 2000 non

163 2015 194 2075 in
206 2015 266 2075 hoc
280 2024 313 2076 ut
330 2023 360 2076 te
373 2017 543 2077 offenderet
555 2016 634 2076 lecit.
664 2019 703 2078 ad
716 2019 853 2079 ultimum
867 2019 941 2093 quid
960 2026 1010 2079 est
1021 2020 1145 2083 demen-

164 2099 224 2159 tius
244 2116 337 2174 quam
355 2100 445 2161 bilem
465 2103 495 2160 in
513 2101 653 2161 homines
677 2103 833 2163 collectam
847 2103 879 2161 in
900 2118 951 2162 res
964 2103 1145 2167 effunderet

135 2183 258 2257 ratqul
276 2193 308 2243 ul
322 2184 370 2243 his
388 2184 481 2247 irasci
493 2184 643 2245 dementis
665 2193 727 2257 est,
749 2201 829 2260 quae
844 2185 944 2247 anima
961 2197 1088 2265 carent,
1103 2189 1144 2250 sic

162 2267 253 2326 muns
279 2266 474 2342 animalibus,
507 2283 587 2344 quae
609 2269 720 2328 nullam
749 2267 887 2329 iniuriam
907 2268 1000 2330 nobis
1023 2273 1143 2344 iaciunt,

164 2348 236 2421 quia
248 2351 325 2409 velle
338 2367 399 2408 non
410 2358 558 2425 possunt:
575 2368 636 2412 non
656 2359 703 2411 est
719 2352 799 2410 enim
817 2352 926 2413 iniuria
937 2353 998 2413 nisi
1014 2355 1143 2417 acon'si·

163 2431 203 2489 lio
216 2433 362 2503 prolecta.
393 2449 506 2493 nocere
524 2434 629 2507 itaque
649 2433 738 2493 nobis
759 2443 890 2508 possunt
906 2442 940 2495 ut
955 2437 1074 2498 remum
1095 2444 1144 2500 ant

134 2513 251 2585 alapis,
273 2513 410 2573 iniuriam
426 2515 550 2590 quidem
572 2516 675 2575 iacere
697 2532 758 2576 uon
780 2526 921 2591 possunt.
951 2520 1050 2595 Atqui
1071 2538 1143 2583 con·

161 2594 253 2653 lemni
263 2609 299 2654 sc
313 2595 434 2669 quidam
445 2605 561 2672 putant,
577 2598 630 2657 ubi
645 2597 737 2658 iidem
751 2603 822 2675 eqrn
836 2602 1047 2677 obsequentes
1058 2604 1143 2665 alleri

162 2678 271 2752 equiti,
294 2679 381 2739 alleri
403 2688 599 2741 contumaces
623 2691 708 2754 sunt,
736 2689 890 2759 tamquam
912 2685 1047 2760 iudicio,
1082 2703 1142 2748 non

162 2762 385 2823 consuetudine
407 2772 438 2825 et
455 2771 519 2824 arte
534 2766 683 2825 macmndi
702 2766 853 2840 quaedam
869 2769 1057 2844 quibusdem
1074 2771 1144 2835 sub·

130 2844 286 2906 biectiora
302 2848 372 2908 sint.
403 2848 497 2923 Atqui
511 2856 544 2909 ul
554 2847 602 2908 his
621 2847 711 2909 irasci
724 2850 847 2911 stultum
858 2859 921 2926 est,
936 2852 979 2914 ita
992 2855 1101 2929 pneris
1114 2862 1144 2916 el

161 2943 223 2987 non
244 2930 370 2990 multum
391 2947 409 2989 a
432 2947 596 3005 puerorum
616 2933 778 3006 prudentia
800 2934 995 2996 distantibus.
1040 2937 1143 3000 omnia

161 3010 241 3068 enim
262 3012 321 3071 ista
342 3021 469 3086 peccata
491 3013 576 3087 apud
596 3029 728 3088 aequum
740 3016 872 3078 iudicem
891 3034 949 3093 pro
966 3019 1143 3085 innocentie

160 3090 274 3151 habent
287 3093 520 3168 inprudentiam.

134 3183 150 3237 1
224 3173 343 3235 XXVII.
377 3176 532 3250 Quaedam
547 3185 617 3239 sunt
632 3196 711 3255 quae
725 3199 837 3243 nocere
850 3201 912 3244 non
930 3196 1066 3261 possunt
1077 3189 1140 3250 nul-

159 3259 281 3332 lamque
296 3258 356 3317 vim
368 3258 428 3319 nisi
438 3259 608 3320 beneficam
624 3269 655 3323 et
670 3266 834 3326 salutarem
850 3268 974 3345 habent,
993 3278 1028 3331 ul
1042 3272 1077 3333 di
1097 3271 1140 3332 in·

159 3340 312 3416 mortales,
326 3343 376 3418 qui
389 3359 446 3403 nec
457 3345 563 3404 volant
574 3346 688 3408 obesse
698 3364 756 3408 nec
770 3358 911 3423 possunt.
938 3360 1049 3415 natura
1059 3355 1141 3417 onim
