2378 3856
137 208 192 267 ΑΙ)
203 204 402 267 POLYBIUM
412 206 463 266 DE
476 205 774 268 CONSOLATIONE.
788 216 907 271 lli—18.
916 215 960 282 [37
964 215 983 282 .]
1005 207 1068 272 235

92 357 231 432 gaudere
255 354 462 431 principaliter
484 363 607 430 posset,
635 365 834 433 conspectum
859 362 1066 421 conversatio-

92 455 226 515 nemque
243 438 355 499 civium
376 455 502 500 suorum
516 440 669 515 profugit,v
685 442 841 517 exsequiis
858 442 974 503 sororis
990 459 1066 504 suae

92 536 159 584 nan
175 520 329 597 interluitp
347 521 428 583 iusta
448 522 549 584 sorori
568 540 630 584 non
644 524 808 599 praestitit,
829 527 886 585 sed
900 528 931 586 in
944 527 1064 588 Albano

93 623 151 668 suo
173 604 300 666 tesseris
317 621 353 666 ac
368 607 435 668 loro
452 611 483 666 et
501 608 688 682 pervolpatis
701 606 877 667 huiusmodi
891 610 958 670 aliis
974 615 1065 671 occu·

92 689 270 766 pationibu's
292 689 482 749 acerbissimi
496 690 611 751 funeris
625 691 765 750 elevabat
778 692 866 750 mala.
892 692 949 752 Pro
964 694 1069 767 pudor.
1090 733 1093 737 -

91 773 227 848 imperii!
249 770 397 848 principis
411 773 540 834 Romani
552 772 682 847 lugentis
696 789 832 833 sororem
845 777 913 834 alea
925 775 1065 837 solatium

93 857 157 917 tuit
193 857 277 916 Idem
297 855 348 916 ille
369 856 458 917 Gaius
478 857 597 916 furiosa
615 855 819 918 inconstantia
832 857 924 920 modo
938 859 1093 919 barbam5

92 938 300 1015 capillumque
326 939 521 1014 submittens,
550 941 642 1001 modo
668 941 771 1001 ltaliae
792 956 828 1000 ac
851 941 1065 1021 Siciliaeoras

91 1022 285 1084 errabundus
304 1025 488 1097 permetiens
510 1031 540 1084 ct
555 1040 720 1099 numquam
736 1025 811 1085 satis
826 1031 942 1098 certus,
966 1033 1066 1086 utrmn
1082 1067 1084 1070 -

90 1107 190 1182 lugeri
203 1107 295 1166 vellet
309 1122 347 1164 an
363 1107 421 1167 coli
435 1124 589 1181 sororem,
606 1109 715 1168 eodem
730 1108 811 1169 omni
826 1115 980 1183 tempore,
1003 1127 1065 1186 quo

90 1191 206 1266 templa
229 1190 270 1250 illi
295 1189 499 1250 constituebat
523 1206 560 1249 ac
587 1191 771 1266 pulvinaria,
800 1205 855 1252 eos
881 1191 933 1264 qui
957 1208 1065 1266 parum

90 1273 202 1334 moesti
223 1274 357 1346 fuerant,
380 1273 592 1334 crudelissima
612 1273 775 1333 adficiebat
789 1273 1064 1336 animadversione.

90 1358 201 1418 eadem
222 1356 301 1416 enim
323 1356 501 1431 intemperie
521 1355 612 1416 animi
638 1357 837 1417 adversarum
861 1372 962 1416 rerum
986 1359 1066 1419 ictus

90 1440 224 1514 terebat,
247 1455 308 1515 qua
328 1440 532 1499 secundarum
554 1442 651 1500 elatus
667 1446 780 1500 eventu
793 1456 887 1516 super
900 1440 1066 1501 humanum
1138 1487 1140 1491 a

88 1524 314 1584 intumescebat
333 1524 467 1583 modum.
501 1522 611 1583 Procul
633 1522 715 1583 istud
735 1525 908 1600 exemplum
930 1525 968 1585 ab
984 1527 1094 1587 omnib

88 1608 231 1669 Romano
253 1606 294 1666 sit
313 1607 394 1678 viro,
417 1608 530 1666 luctum
548 1622 639 1667 suurn
653 1613 705 1667 aul
718 1607 939 1682 intempestivis
951 1609 1066 1684 supere

87 1691 211 1751 lusibus
232 1698 285 1751 aut
306 1688 442 1750 sordium
463 1705 499 1749 ac
520 1689 674 1764 squaloris
696 1691 840 1751 foeditate
865 1692 988 1752 inritare
1013 1701 1065 1753 aut
1132 1710 1137 1716 ·

89 1773 200 1834 alienis
215 1773 302 1833 malis
318 1773 471 1833 oblectare
485 1769 607 1832 minir'ne
621 1773 753 1833 humano
768 1774 889 1835 solatio.

85 1857 92 1871 ⁸
154 1857 263 1917 XVlIl.
286 1856 349 1916 Tibi
365 1872 438 1917 vero
454 1855 527 1915 nihil
541 1873 580 1917 ex
595 1857 817 1917 consuetudine
828 1858 1004 1918 mutandum
1018 1865 1091 1918 estl

88 1948 158 2014 tua,
181 1939 326 2016 quoniam
347 1939 471 2014 quidem
492 1956 529 2000 ea
548 1940 702 2001 instituisti
724 1957 826 2002 amare
847 1942 962 2016 studia,
985 1956 1065 2017 quae

88 2023 207 2099 optime
219 2032 258 2105 et
278 2023 449 2082 felicitatem
471 2024 618 2083 extollunt
632 2032 663 2084 et
678 2024 819 2084 facillime
833 2026 970 2085 minuunt
984 2026 1065 2084 cala-

86 2108 224 2168 mitatem
236 2106 407 2180 eademque
417 2112 447 2164 el
459 2114 635 2167 ornamenta
645 2109 778 2167 maxima
788 2107 943 2167 hominum
957 2113 1065 2166 suntet

86 2189 210 2252 solatia.
241 2195 308 2262 [sl-l
324 2189 428 2249 Nunc
442 2189 576 2264 itaque
589 2195 625 2248 te
642 2188 786 2248 studiis
800 2190 878 2249 tuis
893 2190 1065 2264 inmerge

86 2274 237 2345 acrius,
260 2287 342 2333 nunc
361 2272 411 2331 illa
430 2272 483 2331 tibi
497 2274 581 2332 velut
595 2272 779 2331 munimenta
793 2273 884 2331 animi
900 2271 1064 2346 circumda,

85 2374 129 2419 ne
144 2372 186 2418 ex
200 2357 263 2416 ulla
276 2358 318 2416 tui
331 2362 416 2430 parte
427 2355 560 2415 inveniat
570 2355 722 2414 introitum
735 2356 832 2415 dolor.
864 2355 978 2415 Fratris
989 2364 1092 2430 quo-2

87 2456 152 2518 que
167 2441 211 2500 tui
228 2440 346 2515 produc
362 2439 538 2497 memoriam
552 2438 655 2519 aliquo
670 2438 855 2514 scriptorum
867 2444 1064 2499 monumento

85 2532 223 2586 tuorum.
256 2522 316 2582 hoc
335 2519 414 2580 enim
434 2537 527 2582 unum
545 2527 594 2580 est
612 2521 707 2582 rebus
726 2521 867 2583 humanis
889 2539 985 2598 opus,
1014 2523 1065 2583 cui

85 2609 173 2669 nulla
194 2613 363 2680 tempestas
386 2613 511 2677 noceat,
538 2605 622 2680 quod
643 2606 726 2664 nulla
740 2613 900 2667 consumat
914 2612 1063 2667 vetustas.

85 2698 192 2752 cetera
214 2703 294 2762 quae
312 2703 368 2761 per
389 2689 645 2749 constructionem
666 2689 801 2764 lapidum
822 2696 852 2749 et
875 2706 1063 2750 marmoreas

86 2776 187 2836 moles
208 2777 261 2830 aut
272 2778 417 2843 terrenos
440 2771 573 2831 tumulos
589 2772 618 2830 in
634 2787 774 2846 magnam
789 2773 917 2833 eductos
932 2771 1064 2831 altitudi-

84 2874 157 2918 nem
181 2857 337 2923 constant,
366 2867 428 2909 non
450 2862 621 2927 propagant
641 2854 763 2926 longam
784 2853 863 2912 diem
885 2854 1014 2927 [quippe
1035 2861 1065 2912 et

85 2941 157 3017 ipsa
179 2936 357 3003 intereunt]=
385 2932 553 2994 inmortalis
568 2943 616 2994 est
629 2935 742 3008 ingenii
756 2935 911 2995 memoria.
939 2935 1017 2993 banc
1032 2941 1064 2994 tu

85 3022 174 3085 fratri
186 3027 240 3080 luo
252 3015 371 3089 largire,
391 3016 422 3074 in
435 3014 494 3075 hac
505 3031 574 3076 eum
588 3019 725 3076 conloca.
753 3017 860 3078 melius
875 3018 958 3077 illum
973 3018 1063 3077 dura·

85 3115 155 3168 turo
180 3115 304 3175 semper
325 3098 522 3159 consecrabis
543 3101 664 3175 ingenio
680 3116 771 3175 quam
793 3099 882 3162 inrito
897 3102 1003 3162 dolore
1018 3101 1064 3161 lu·

86 3190 188 3264 gebis.
225 3183 314 3259 Quod
335 3182 373 3241 ad
394 3180 495 3257 ipsam
516 3183 668 3244 fortunam
684 3185 827 3258 pertinet,
850 3185 968 3246 etiamsi
982 3184 1092 3250 nunes

86 3274 136 3347 agi
153 3269 240 3347 apud
254 3274 284 3327 te
300 3281 394 3325 causa
408 3265 474 3325 eius
490 3282 551 3326 non
562 3274 680 3342 potest,
696 3267 798 3328 omnia
808 3267 889 3328 enim
899 3269 965 3341 illa,
981 3282 1061 3340 quae

86 3355 179 3416 nobis
195 3350 296 3424 dedit,
319 3349 358 3409 ob
372 3349 431 3409 hoc
446 3349 562 3425 ipsum,
586 3352 670 3426 quod
685 3352 800 3426 aliquid
817 3352 941 3435 eripuit,
962 3350 1002 3409 in*

87 3445 175 3501 sunta
204 3443 278 3497 tunc
297 3439 398 3493 tamen
421 3434 477 3494 erit
497 3435 630 3508 agenda,
657 3449 725 3494 cum
741 3436 869 3508 primum
884 3449 930 3493 ae<
