<?xml version="1.0" encoding="UTF-8"?>
<!DOCTYPE html PUBLIC "-//W3C//DTD XHTML 1.0 Transitional//EN"
    "http://www.w3.org/TR/xhtml1/DTD/xhtml1-transitional.dtd">
<html xmlns="http://www.w3.org/1999/xhtml" xml:lang="en" lang="en">
 <head>
  <title>
</title>
<meta http-equiv="Content-Type" content="text/html;charset=utf-8" />
  <meta name='ocr-system' content='tesseract 3.04.00' />
  <meta name='ocr-capabilities' content='ocr_page ocr_carea ocr_par ocr_line ocrx_word'/>
</head>
<body>
  <div class='ocr_page' id='page_1' title='image "./lannaeisenecaeo03senegoog_0185.png"; bbox 0 0 2378 3856; ppageno 0'>
   <div class='ocr_carea' id='block_1_1' title="bbox 154 191 949 258">
    <p class='ocr_par' dir='ltr' id='par_1_1' title="bbox 154 191 949 258">
     <span class='ocr_line' id='line_1_1' title="bbox 154 191 949 258; baseline -0.008 0"><span class='ocrx_word' id='word_1_1' title='bbox 154 194 214 258; x_wconf 79' lang='lat' dir='ltr'><strong>loe</strong></span> <span class='ocrx_word' id='word_1_2' title='bbox 326 195 359 254; x_wconf 89' lang='lat' dir='ltr'><strong>L.</strong></span> <span class='ocrx_word' id='word_1_3' title='bbox 384 192 529 253; x_wconf 81' lang='lat' dir='ltr'><strong>ANNAEl</strong></span> <span class='ocrx_word' id='word_1_4' title='bbox 551 191 726 252; x_wconf 82' lang='lat' dir='ltr'><strong>SENECAE</strong></span> <span class='ocrx_word' id='word_1_5' title='bbox 747 192 848 252; x_wconf 73' lang='lat' dir='ltr'><strong>uini.</strong></span> <span class='ocrx_word' id='word_1_6' title='bbox 868 192 949 253; x_wconf 83' lang='lat' dir='ltr'><strong>Viti.</strong></span> 
     </span>
    </p>
   </div>
   <div class='ocr_carea' id='block_1_2' title="bbox 127 343 1140 3264">
    <p class='ocr_par' dir='ltr' id='par_1_2' title="bbox 152 343 1140 1174">
     <span class='ocr_line' id='line_1_2' title="bbox 153 343 1140 425; baseline 0.001 -16"><span class='ocrx_word' id='word_1_7' title='bbox 153 349 237 425; x_wconf 93' lang='lat' dir='ltr'><strong>quod</strong></span> <span class='ocrx_word' id='word_1_8' title='bbox 253 346 431 418; x_wconf 77' lang='lat' dir='ltr'>ostenditur,</span> <span class='ocrx_word' id='word_1_9' title='bbox 448 346 544 404; x_wconf 77' lang='lat' dir='ltr'><strong>seire:</strong></span> <span class='ocrx_word' id='word_1_10' title='bbox 567 343 658 418; x_wconf 91' lang='lat' dir='ltr'><strong>illud,</strong></span> <span class='ocrx_word' id='word_1_11' title='bbox 673 345 787 420; x_wconf 90' lang='lat' dir='ltr'><strong>lnquit,</strong></span> <span class='ocrx_word' id='word_1_12' title='bbox 803 352 938 420; x_wconf 86' lang='lat' dir='ltr'><strong>somtor,</strong></span> <span class='ocrx_word' id='word_1_13' title='bbox 956 346 1043 422; x_wconf 89' lang='lat' dir='ltr'><strong>quod</strong></span> <span class='ocrx_word' id='word_1_14' title='bbox 1058 350 1140 410; x_wconf 65' lang='lat' dir='ltr'><strong>ulad</strong></span> 
     </span>
     <span class='ocr_line' id='line_1_3' title="bbox 152 428 1140 503; baseline 0 -9"><span class='ocrx_word' id='word_1_15' title='bbox 152 432 299 494; x_wconf 93' lang='lat' dir='ltr'><strong>mundum</strong></span> <span class='ocrx_word' id='word_1_16' title='bbox 315 430 407 501; x_wconf 86' lang='lat' dir='ltr'><strong>ieoet,</strong></span> <span class='ocrx_word' id='word_1_17' title='bbox 433 436 574 489; x_wconf 91' lang='lat' dir='ltr'><strong>utrumne</strong></span> <span class='ocrx_word' id='word_1_18' title='bbox 593 428 747 503; x_wconf 79' lang='lat' dir='ltr'><strong>profunda</strong></span> <span class='ocrx_word' id='word_1_19' title='bbox 761 429 888 490; x_wconf 87' lang='lat' dir='ltr'><strong>vastitas</strong></span> <span class='ocrx_word' id='word_1_20' title='bbox 908 428 950 490; x_wconf 85' lang='lat' dir='ltr'><strong>sit</strong></span> <span class='ocrx_word' id='word_1_21' title='bbox 971 446 1012 491; x_wconf 84' lang='lat' dir='ltr'><strong>an</strong></span> <span class='ocrx_word' id='word_1_22' title='bbox 1029 440 1061 493; x_wconf 92' lang='lat' dir='ltr'><strong>et</strong></span> <span class='ocrx_word' id='word_1_23' title='bbox 1082 432 1140 493; x_wconf 84' lang='lat' dir='ltr'><strong>lroe</strong></span> 
     </span>
     <span class='ocr_line' id='line_1_4' title="bbox 153 511 1140 592; baseline 0 -15"><span class='ocrx_word' id='word_1_24' title='bbox 153 516 255 592; x_wconf 84' lang='lat' dir='ltr'><strong>ipsum</strong></span> <span class='ocrx_word' id='word_1_25' title='bbox 270 511 406 573; x_wconf 85' lang='lat' dir='ltr'><strong>tenninis</strong></span> <span class='ocrx_word' id='word_1_26' title='bbox 422 513 488 573; x_wconf 89' lang='lat' dir='ltr'><strong>suis</strong></span> <span class='ocrx_word' id='word_1_27' title='bbox 504 512 654 572; x_wconf 87' lang='lat' dir='ltr'><strong>eludatur.</strong></span> <span class='ocrx_word' id='word_1_28' title='bbox 683 512 783 588; x_wconf 88' lang='lat' dir='ltr'><strong>qualis</strong></span> <span class='ocrx_word' id='word_1_29' title='bbox 798 511 838 573; x_wconf 89' lang='lat' dir='ltr'><strong>sit</strong></span> <span class='ocrx_word' id='word_1_30' title='bbox 852 512 974 575; x_wconf 89' lang='lat' dir='ltr'><strong>lrabltus</strong></span> <span class='ocrx_word' id='word_1_31' title='bbox 989 516 1140 589; x_wconf 75' lang='lat' dir='ltr'><strong>exclusis,</strong></span> 
     </span>
     <span class='ocr_line' id='line_1_5' title="bbox 154 594 1139 670; baseline 0 -10"><span class='ocrx_word' id='word_1_32' title='bbox 154 599 296 660; x_wconf 83' lang='lat' dir='ltr'><strong>informia</strong></span> <span class='ocrx_word' id='word_1_33' title='bbox 310 604 340 657; x_wconf 88' lang='lat' dir='ltr'><strong>et</strong></span> <span class='ocrx_word' id='word_1_34' title='bbox 355 597 485 658; x_wconf 85' lang='lat' dir='ltr'><strong>eoniuso</strong></span> <span class='ocrx_word' id='word_1_35' title='bbox 499 597 560 656; x_wconf 90' lang='lat' dir='ltr'><strong>sint</strong></span> <span class='ocrx_word' id='word_1_36' title='bbox 573 610 613 655; x_wconf 84' lang='lat' dir='ltr'><strong>an</strong></span> <span class='ocrx_word' id='word_1_37' title='bbox 628 594 659 656; x_wconf 89' lang='lat' dir='ltr'><strong>iu</strong></span> <span class='ocrx_word' id='word_1_38' title='bbox 681 611 802 656; x_wconf 89' lang='lat' dir='ltr'><strong>omnem</strong></span> <span class='ocrx_word' id='word_1_39' title='bbox 818 603 934 670; x_wconf 90' lang='lat' dir='ltr'><strong>partem</strong></span> <span class='ocrx_word' id='word_1_40' title='bbox 949 600 1139 660; x_wconf 72' lang='lat' dir='ltr'>tantumdem</span> 
     </span>
     <span class='ocr_line' id='line_1_6' title="bbox 154 678 1139 759; baseline 0.002 -17"><span class='ocrx_word' id='word_1_41' title='bbox 154 682 214 742; x_wconf 89' lang='lat' dir='ltr'><strong>looi</strong></span> <span class='ocrx_word' id='word_1_42' title='bbox 236 681 417 753; x_wconf 87' lang='lat' dir='ltr'><strong>obtinentia,</strong></span> <span class='ocrx_word' id='word_1_43' title='bbox 443 695 480 739; x_wconf 91' lang='lat' dir='ltr'><strong>an</strong></span> <span class='ocrx_word' id='word_1_44' title='bbox 506 686 537 739; x_wconf 92' lang='lat' dir='ltr'><strong>et</strong></span> <span class='ocrx_word' id='word_1_45' title='bbox 561 679 612 739; x_wconf 90' lang='lat' dir='ltr'><strong>illa</strong></span> <span class='ocrx_word' id='word_1_46' title='bbox 635 678 666 739; x_wconf 94' lang='lat' dir='ltr'><strong>in</strong></span> <span class='ocrx_word' id='word_1_47' title='bbox 691 678 824 755; x_wconf 79' lang='lat' dir='ltr'><strong>aliquem</strong></span> <span class='ocrx_word' id='word_1_48' title='bbox 847 680 960 741; x_wconf 83' lang='lat' dir='ltr'><strong>cultum</strong></span> <span class='ocrx_word' id='word_1_49' title='bbox 982 681 1139 759; x_wconf 86' lang='lat' dir='ltr'><strong>desoripta</strong></span> 
     </span>
     <span class='ocr_line' id='line_1_7' title="bbox 155 763 1140 839; baseline 0.001 -13"><span class='ocrx_word' id='word_1_50' title='bbox 155 766 224 826; x_wconf 88' lang='lat' dir='ltr'><strong>sint.</strong></span> <span class='ocrx_word' id='word_1_51' title='bbox 238 765 310 825; x_wconf 89' lang='lat' dir='ltr'><strong>huie</strong></span> <span class='ocrx_word' id='word_1_52' title='bbox 324 765 508 824; x_wconf 74' lang='lat' dir='ltr'><strong>cohaereant</strong></span> <span class='ocrx_word' id='word_1_53' title='bbox 521 763 650 839; x_wconf 87' lang='lat' dir='ltr'><strong>muodo,</strong></span> <span class='ocrx_word' id='word_1_54' title='bbox 666 778 704 822; x_wconf 87' lang='lat' dir='ltr'><strong>nn</strong></span> <span class='ocrx_word' id='word_1_55' title='bbox 719 764 810 838; x_wconf 81' lang='lat' dir='ltr'><strong>longe</strong></span> <span class='ocrx_word' id='word_1_56' title='bbox 824 763 863 823; x_wconf 88' lang='lat' dir='ltr'><strong>ab</strong></span> <span class='ocrx_word' id='word_1_57' title='bbox 877 763 937 825; x_wconf 87' lang='lat' dir='ltr'><strong>lroo</strong></span> <span class='ocrx_word' id='word_1_58' title='bbox 952 766 1140 827; x_wconf 84' lang='lat' dir='ltr'><strong>seoesserint</strong></span> 
     </span>
     <span class='ocr_line' id='line_1_8' title="bbox 155 847 1139 922; baseline 0.002 -12"><span class='ocrx_word' id='word_1_59' title='bbox 155 857 185 910; x_wconf 90' lang='lat' dir='ltr'><strong>et</strong></span> <span class='ocrx_word' id='word_1_60' title='bbox 199 849 229 911; x_wconf 88' lang='lat' dir='ltr'><strong>in</strong></span> <span class='ocrx_word' id='word_1_61' title='bbox 247 865 344 910; x_wconf 85' lang='lat' dir='ltr'><strong>vaouo</strong></span> <span class='ocrx_word' id='word_1_62' title='bbox 361 847 543 908; x_wconf 79' lang='lat' dir='ltr'><strong>volutentur.</strong></span> <span class='ocrx_word' id='word_1_63' title='bbox 572 847 727 908; x_wconf 82' lang='lat' dir='ltr'><strong>individua</strong></span> <span class='ocrx_word' id='word_1_64' title='bbox 743 847 818 921; x_wconf 89' lang='lat' dir='ltr'><strong>sint,</strong></span> <span class='ocrx_word' id='word_1_65' title='bbox 840 862 897 922; x_wconf 91' lang='lat' dir='ltr'><strong>per</strong></span> <span class='ocrx_word' id='word_1_66' title='bbox 916 863 998 922; x_wconf 90' lang='lat' dir='ltr'><strong>quae</strong></span> <span class='ocrx_word' id='word_1_67' title='bbox 1013 849 1139 911; x_wconf 79' lang='lat' dir='ltr'><strong>struitur</strong></span> 
     </span>
     <span class='ocr_line' id='line_1_9' title="bbox 155 932 1137 1007; baseline 0.001 -14"><span class='ocrx_word' id='word_1_68' title='bbox 155 948 245 993; x_wconf 88' lang='lat' dir='ltr'><strong>omne</strong></span> <span class='ocrx_word' id='word_1_69' title='bbox 266 932 350 1006; x_wconf 92' lang='lat' dir='ltr'><strong>quod</strong></span> <span class='ocrx_word' id='word_1_70' title='bbox 370 938 473 990; x_wconf 88' lang='lat' dir='ltr'><strong>natum</strong></span> <span class='ocrx_word' id='word_1_71' title='bbox 494 932 689 1007; x_wconf 81' lang='lat' dir='ltr'><strong>futurumque</strong></span> <span class='ocrx_word' id='word_1_72' title='bbox 714 938 776 1005; x_wconf 90' lang='lat' dir='ltr'><strong>est,</strong></span> <span class='ocrx_word' id='word_1_73' title='bbox 803 947 841 990; x_wconf 88' lang='lat' dir='ltr'><strong>ao</strong></span> <span class='ocrx_word' id='word_1_74' title='bbox 862 932 1009 993; x_wconf 83' lang='lat' dir='ltr'><strong>continua</strong></span> <span class='ocrx_word' id='word_1_75' title='bbox 1031 948 1137 994; x_wconf 87' lang='lat' dir='ltr'><strong>eorum</strong></span> 
     </span>
     <span class='ocr_line' id='line_1_10' title="bbox 154 1014 1139 1089; baseline 0.002 -14"><span class='ocrx_word' id='word_1_76' title='bbox 154 1016 280 1075; x_wconf 86' lang='lat' dir='ltr'><strong>materia</strong></span> <span class='ocrx_word' id='word_1_77' title='bbox 301 1016 341 1075; x_wconf 88' lang='lat' dir='ltr'><strong>sit</strong></span> <span class='ocrx_word' id='word_1_78' title='bbox 359 1023 390 1075; x_wconf 89' lang='lat' dir='ltr'><strong>et</strong></span> <span class='ocrx_word' id='word_1_79' title='bbox 410 1029 466 1089; x_wconf 89' lang='lat' dir='ltr'><strong>per</strong></span> <span class='ocrx_word' id='word_1_80' title='bbox 480 1021 574 1076; x_wconf 88' lang='lat' dir='ltr'><strong>totum</strong></span> <span class='ocrx_word' id='word_1_81' title='bbox 590 1014 750 1074; x_wconf 87' lang='lat' dir='ltr'><strong>mutabilis.</strong></span> <span class='ocrx_word' id='word_1_82' title='bbox 779 1021 879 1076; x_wconf 92' lang='lat' dir='ltr'><strong>utrum</strong></span> <span class='ocrx_word' id='word_1_83' title='bbox 894 1016 1050 1076; x_wconf 81' lang='lat' dir='ltr'><strong>oontrmn&#39;a</strong></span> <span class='ocrx_word' id='word_1_84' title='bbox 1064 1017 1139 1077; x_wconf 87' lang='lat' dir='ltr'><strong>inter</strong></span> 
     </span>
     <span class='ocr_line' id='line_1_11' title="bbox 155 1097 1137 1174; baseline 0.002 -15"><span class='ocrx_word' id='word_1_85' title='bbox 155 1114 190 1159; x_wconf 90' lang='lat' dir='ltr'><strong>se</strong></span> <span class='ocrx_word' id='word_1_86' title='bbox 206 1101 355 1159; x_wconf 85' lang='lat' dir='ltr'><strong>elementa</strong></span> <span class='ocrx_word' id='word_1_87' title='bbox 369 1099 443 1169; x_wconf 90' lang='lat' dir='ltr'><strong>sint,</strong></span> <span class='ocrx_word' id='word_1_88' title='bbox 467 1114 505 1158; x_wconf 89' lang='lat' dir='ltr'><strong>an</strong></span> <span class='ocrx_word' id='word_1_89' title='bbox 527 1113 588 1158; x_wconf 89' lang='lat' dir='ltr'><strong>non</strong></span> <span class='ocrx_word' id='word_1_90' title='bbox 607 1106 756 1174; x_wconf 79' lang='lat' dir='ltr'><strong>pugnent,</strong></span> <span class='ocrx_word' id='word_1_91' title='bbox 778 1097 835 1159; x_wconf 86' lang='lat' dir='ltr'><strong>sed</strong></span> <span class='ocrx_word' id='word_1_92' title='bbox 856 1113 912 1173; x_wconf 88' lang='lat' dir='ltr'><strong>per</strong></span> <span class='ocrx_word' id='word_1_93' title='bbox 926 1097 1053 1161; x_wconf 80' lang='lat' dir='ltr'><strong>diversa</strong></span> <span class='ocrx_word' id='word_1_94' title='bbox 1068 1114 1137 1161; x_wconf 86' lang='lat' dir='ltr'><strong>oon·</strong></span> 
     </span>
    </p>

    <p class='ocr_par' dir='ltr' id='par_1_3' title="bbox 127 1180 1138 1760">
     <span class='ocr_line' id='line_1_12' title="bbox 127 1180 1136 1258; baseline 0.004 -17"><span class='ocrx_word' id='word_1_95' title='bbox 127 1183 281 1258; x_wconf 80' lang='lat' dir='ltr'><strong>rspirem.</strong></span> <span class='ocrx_word' id='word_1_96' title='bbox 309 1183 359 1243; x_wconf 81' lang='lat' dir='ltr'><strong>Ad</strong></span> <span class='ocrx_word' id='word_1_97' title='bbox 373 1182 451 1241; x_wconf 87' lang='lat' dir='ltr'><strong>haee</strong></span> <span class='ocrx_word' id='word_1_98' title='bbox 472 1181 647 1258; x_wconf 82' lang='lat' dir='ltr'><strong>quaerenda</strong></span> <span class='ocrx_word' id='word_1_99' title='bbox 668 1188 774 1254; x_wconf 91' lang='lat' dir='ltr'><strong>natus,</strong></span> <span class='ocrx_word' id='word_1_100' title='bbox 800 1180 942 1256; x_wconf 84' lang='lat' dir='ltr'><strong>aestima,</strong></span> <span class='ocrx_word' id='word_1_101' title='bbox 969 1199 1065 1258; x_wconf 83' lang='lat' dir='ltr'><strong>quam</strong></span> <span class='ocrx_word' id='word_1_102' title='bbox 1079 1199 1136 1245; x_wconf 91' lang='lat' dir='ltr'><strong>nou</strong></span> 
     </span>
     <span class='ocr_line' id='line_1_13' title="bbox 155 1264 1137 1343; baseline 0.002 -16"><span class='ocrx_word' id='word_1_103' title='bbox 155 1267 281 1327; x_wconf 89' lang='lat' dir='ltr'><strong>multum</strong></span> <span class='ocrx_word' id='word_1_104' title='bbox 296 1264 450 1343; x_wconf 87' lang='lat' dir='ltr'><strong>aeoeperit</strong></span> <span class='ocrx_word' id='word_1_105' title='bbox 463 1267 627 1341; x_wconf 89' lang='lat' dir='ltr'><strong>temporis,</strong></span> <span class='ocrx_word' id='word_1_106' title='bbox 649 1264 768 1326; x_wconf 89' lang='lat' dir='ltr'><strong>etiamsi</strong></span> <span class='ocrx_word' id='word_1_107' title='bbox 787 1265 861 1326; x_wconf 90' lang='lat' dir='ltr'><strong>illud</strong></span> <span class='ocrx_word' id='word_1_108' title='bbox 876 1273 973 1327; x_wconf 91' lang='lat' dir='ltr'><strong>totum</strong></span> <span class='ocrx_word' id='word_1_109' title='bbox 994 1266 1056 1328; x_wconf 87' lang='lat' dir='ltr'><strong>sibi</strong></span> <span class='ocrx_word' id='word_1_110' title='bbox 1075 1270 1137 1329; x_wconf 87' lang='lat' dir='ltr'><strong>vin·</strong></span> 
     </span>
     <span class='ocr_line' id='line_1_14' title="bbox 156 1349 1137 1427; baseline 0.002 -17"><span class='ocrx_word' id='word_1_111' title='bbox 156 1351 245 1423; x_wconf 84' lang='lat' dir='ltr'><strong>dicet,</strong></span> <span class='ocrx_word' id='word_1_112' title='bbox 262 1351 310 1412; x_wconf 88' lang='lat' dir='ltr'><strong>oui</strong></span> <span class='ocrx_word' id='word_1_113' title='bbox 324 1352 396 1410; x_wconf 88' lang='lat' dir='ltr'><strong>licet</strong></span> <span class='ocrx_word' id='word_1_114' title='bbox 408 1349 482 1410; x_wconf 89' lang='lat' dir='ltr'><strong>nihil</strong></span> <span class='ocrx_word' id='word_1_115' title='bbox 497 1349 639 1411; x_wconf 81' lang='lat' dir='ltr'><strong>facilitate</strong></span> <span class='ocrx_word' id='word_1_116' title='bbox 652 1350 738 1424; x_wconf 90' lang='lat' dir='ltr'><strong>eripi,</strong></span> <span class='ocrx_word' id='word_1_117' title='bbox 753 1350 826 1410; x_wconf 79' lang='lat' dir='ltr'><strong>nihil</strong></span> <span class='ocrx_word' id='word_1_118' title='bbox 838 1351 1032 1425; x_wconf 76' lang='lat' dir='ltr'><strong>neglegentia</strong></span> <span class='ocrx_word' id='word_1_119' title='bbox 1044 1351 1137 1427; x_wconf 85' lang='lat' dir='ltr'><strong>patie-</strong></span> 
     </span>
     <span class='ocr_line' id='line_1_15' title="bbox 155 1431 1138 1511; baseline 0.002 -17"><span class='ocrx_word' id='word_1_120' title='bbox 155 1443 203 1495; x_wconf 89' lang='lat' dir='ltr'><strong>tur</strong></span> <span class='ocrx_word' id='word_1_121' title='bbox 217 1434 375 1507; x_wconf 87' lang='lat' dir='ltr'><strong>excidere,</strong></span> <span class='ocrx_word' id='word_1_122' title='bbox 397 1433 467 1494; x_wconf 89' lang='lat' dir='ltr'><strong>lioet</strong></span> <span class='ocrx_word' id='word_1_123' title='bbox 479 1434 573 1494; x_wconf 87' lang='lat' dir='ltr'><strong>horas</strong></span> <span class='ocrx_word' id='word_1_124' title='bbox 594 1449 668 1494; x_wconf 88' lang='lat' dir='ltr'><strong>suas</strong></span> <span class='ocrx_word' id='word_1_125' title='bbox 682 1431 863 1494; x_wconf 80' lang='lat' dir='ltr'><strong>avarissime</strong></span> <span class='ocrx_word' id='word_1_126' title='bbox 877 1440 981 1493; x_wconf 86' lang='lat' dir='ltr'><strong>servet</strong></span> <span class='ocrx_word' id='word_1_127' title='bbox 994 1442 1025 1496; x_wconf 90' lang='lat' dir='ltr'><strong>et</strong></span> <span class='ocrx_word' id='word_1_128' title='bbox 1038 1451 1138 1511; x_wconf 87' lang='lat' dir='ltr'><strong>usque</strong></span> 
     </span>
     <span class='ocr_line' id='line_1_16' title="bbox 155 1516 1136 1594; baseline 0.003 -18"><span class='ocrx_word' id='word_1_129' title='bbox 155 1520 186 1576; x_wconf 95' lang='lat' dir='ltr'><strong>in</strong></span> <span class='ocrx_word' id='word_1_130' title='bbox 201 1518 336 1577; x_wconf 92' lang='lat' dir='ltr'><strong>ultimum</strong></span> <span class='ocrx_word' id='word_1_131' title='bbox 351 1518 458 1577; x_wconf 91' lang='lat' dir='ltr'><strong>aetatis</strong></span> <span class='ocrx_word' id='word_1_132' title='bbox 473 1517 624 1576; x_wconf 89' lang='lat' dir='ltr'><strong>humanae</strong></span> <span class='ocrx_word' id='word_1_133' title='bbox 643 1517 803 1577; x_wconf 87' lang='lat' dir='ltr'><strong>terminum</strong></span> <span class='ocrx_word' id='word_1_134' title='bbox 816 1516 966 1593; x_wconf 82' lang='lat' dir='ltr'><strong>procedat</strong></span> <span class='ocrx_word' id='word_1_135' title='bbox 979 1533 1041 1579; x_wconf 89' lang='lat' dir='ltr'><strong>neo</strong></span> <span class='ocrx_word' id='word_1_136' title='bbox 1055 1518 1136 1594; x_wconf 84' lang='lat' dir='ltr'><strong>quie</strong></span> 
     </span>
     <span class='ocr_line' id='line_1_17' title="bbox 157 1598 1137 1676; baseline -0.003 -15"><span class='ocrx_word' id='word_1_137' title='bbox 157 1617 249 1676; x_wconf 88' lang='lat' dir='ltr'><strong>quam</strong></span> <span class='ocrx_word' id='word_1_138' title='bbox 264 1600 305 1659; x_wconf 89' lang='lat' dir='ltr'><strong>illi</strong></span> <span class='ocrx_word' id='word_1_139' title='bbox 321 1615 360 1661; x_wconf 88' lang='lat' dir='ltr'><strong>ex</strong></span> <span class='ocrx_word' id='word_1_140' title='bbox 374 1616 422 1674; x_wconf 88' lang='lat' dir='ltr'><strong>eo,</strong></span> <span class='ocrx_word' id='word_1_141' title='bbox 438 1601 522 1675; x_wconf 95' lang='lat' dir='ltr'><strong>quod</strong></span> <span class='ocrx_word' id='word_1_142' title='bbox 537 1606 644 1660; x_wconf 93' lang='lat' dir='ltr'><strong>natura</strong></span> <span class='ocrx_word' id='word_1_143' title='bbox 658 1598 821 1674; x_wconf 81' lang='lat' dir='ltr'><strong>constituit,</strong></span> <span class='ocrx_word' id='word_1_144' title='bbox 837 1601 958 1661; x_wconf 81' lang='lat' dir='ltr'><strong>fortuna</strong></span> <span class='ocrx_word' id='word_1_145' title='bbox 969 1604 1137 1664; x_wconf 73' lang='lat' dir='ltr'><strong>eonoutiate</strong></span> 
     </span>
     <span class='ocr_line' id='line_1_18' title="bbox 156 1683 1136 1760; baseline 0.004 -16"><span class='ocrx_word' id='word_1_146' title='bbox 156 1693 256 1745; x_wconf 86' lang='lat' dir='ltr'><strong>tamen</strong></span> <span class='ocrx_word' id='word_1_147' title='bbox 279 1683 371 1745; x_wconf 82' lang='lat' dir='ltr'><strong>lnomo</strong></span> <span class='ocrx_word' id='word_1_148' title='bbox 393 1685 432 1743; x_wconf 95' lang='lat' dir='ltr'><strong>ad</strong></span> <span class='ocrx_word' id='word_1_149' title='bbox 451 1684 653 1745; x_wconf 89' lang='lat' dir='ltr'><strong>inmortalium</strong></span> <span class='ocrx_word' id='word_1_150' title='bbox 668 1683 874 1760; x_wconf 72' lang='lat' dir='ltr'><strong>cognitionem</strong></span> <span class='ocrx_word' id='word_1_151' title='bbox 888 1683 978 1746; x_wconf 88' lang='lat' dir='ltr'><strong>nimis</strong></span> <span class='ocrx_word' id='word_1_152' title='bbox 1003 1687 1136 1748; x_wconf 84' lang='lat' dir='ltr'><strong>mortalia</strong></span> 
     </span>
    </p>

    <p class='ocr_par' dir='ltr' id='par_1_4' title="bbox 127 1768 1138 2162">
     <span class='ocr_line' id='line_1_19' title="bbox 127 1768 1135 1844; baseline 0 -14"><span class='ocrx_word' id='word_1_153' title='bbox 127 1777 211 1831; x_wconf 78' lang='lat' dir='ltr'><strong>eost</strong></span> <span class='ocrx_word' id='word_1_154' title='bbox 239 1769 320 1842; x_wconf 77' lang='lat' dir='ltr'><strong>Ergo</strong></span> <span class='ocrx_word' id='word_1_155' title='bbox 336 1768 505 1828; x_wconf 83' lang='lat' dir='ltr'><strong>seeundum</strong></span> <span class='ocrx_word' id='word_1_156' title='bbox 520 1774 656 1828; x_wconf 88' lang='lat' dir='ltr'><strong>naturam</strong></span> <span class='ocrx_word' id='word_1_157' title='bbox 669 1770 757 1841; x_wconf 89' lang='lat' dir='ltr'><strong>vivo,</strong></span> <span class='ocrx_word' id='word_1_158' title='bbox 779 1769 806 1828; x_wconf 91' lang='lat' dir='ltr'><strong>si</strong></span> <span class='ocrx_word' id='word_1_159' title='bbox 820 1773 916 1828; x_wconf 90' lang='lat' dir='ltr'><strong>totum</strong></span> <span class='ocrx_word' id='word_1_160' title='bbox 938 1782 987 1828; x_wconf 89' lang='lat' dir='ltr'><strong>me</strong></span> <span class='ocrx_word' id='word_1_161' title='bbox 1001 1769 1045 1829; x_wconf 90' lang='lat' dir='ltr'><strong>illl</strong></span> <span class='ocrx_word' id='word_1_162' title='bbox 1059 1769 1135 1844; x_wconf 78' lang='lat' dir='ltr'><strong>dedi¹</strong></span> 
     </span>
     <span class='ocr_line' id='line_1_20' title="bbox 157 1850 1136 1926; baseline 0.002 -14"><span class='ocrx_word' id='word_1_163' title='bbox 157 1852 184 1912; x_wconf 90' lang='lat' dir='ltr'><strong>si</strong></span> <span class='ocrx_word' id='word_1_164' title='bbox 205 1851 287 1911; x_wconf 90' lang='lat' dir='ltr'><strong>illius</strong></span> <span class='ocrx_word' id='word_1_165' title='bbox 310 1850 474 1912; x_wconf 86' lang='lat' dir='ltr'><strong>admirator</strong></span> <span class='ocrx_word' id='word_1_166' title='bbox 488 1852 649 1926; x_wconf 84' lang='lat' dir='ltr'><strong>cultorque</strong></span> <span class='ocrx_word' id='word_1_167' title='bbox 668 1867 746 1912; x_wconf 91' lang='lat' dir='ltr'><strong>sum.</strong></span> <span class='ocrx_word' id='word_1_168' title='bbox 775 1858 883 1912; x_wconf 86' lang='lat' dir='ltr'><strong>natura</strong></span> <span class='ocrx_word' id='word_1_169' title='bbox 903 1858 1006 1913; x_wconf 88' lang='lat' dir='ltr'><strong>autem</strong></span> <span class='ocrx_word' id='word_1_170' title='bbox 1024 1860 1136 1914; x_wconf 79' lang='lat' dir='ltr'><strong>utrum</strong></span> 
     </span>
     <span class='ocr_line' id='line_1_21' title="bbox 159 1933 1138 2009; baseline 0 -15"><span class='ocrx_word' id='word_1_171' title='bbox 159 1951 219 2009; x_wconf 88' lang='lat' dir='ltr'><strong>que</strong></span> <span class='ocrx_word' id='word_1_172' title='bbox 241 1935 342 1993; x_wconf 84' lang='lat' dir='ltr'><strong>iacere</strong></span> <span class='ocrx_word' id='word_1_173' title='bbox 363 1949 412 1993; x_wconf 90' lang='lat' dir='ltr'><strong>me</strong></span> <span class='ocrx_word' id='word_1_174' title='bbox 426 1935 536 2004; x_wconf 86' lang='lat' dir='ltr'><strong>voluit,</strong></span> <span class='ocrx_word' id='word_1_175' title='bbox 561 1942 591 1993; x_wconf 93' lang='lat' dir='ltr'><strong>et</strong></span> <span class='ocrx_word' id='word_1_176' title='bbox 607 1949 700 2008; x_wconf 82' lang='lat' dir='ltr'><strong>agere</strong></span> <span class='ocrx_word' id='word_1_177' title='bbox 714 1943 744 1996; x_wconf 93' lang='lat' dir='ltr'><strong>et</strong></span> <span class='ocrx_word' id='word_1_178' title='bbox 758 1933 1005 2009; x_wconf 87' lang='lat' dir='ltr'><strong>eontemplationi</strong></span> <span class='ocrx_word' id='word_1_179' title='bbox 1016 1951 1138 1997; x_wconf 83' lang='lat' dir='ltr'><strong>verare.</strong></span> 
     </span>
     <span class='ocr_line' id='line_1_22' title="bbox 158 2017 1138 2094; baseline -0.001 -14"><span class='ocrx_word' id='word_1_180' title='bbox 158 2026 320 2092; x_wconf 90' lang='lat' dir='ltr'><strong>utrumque</strong></span> <span class='ocrx_word' id='word_1_181' title='bbox 340 2017 435 2090; x_wconf 83' lang='lat' dir='ltr'><strong>laoio,</strong></span> <span class='ocrx_word' id='word_1_182' title='bbox 463 2018 607 2094; x_wconf 90' lang='lat' dir='ltr'><strong>quoniam</strong></span> <span class='ocrx_word' id='word_1_183' title='bbox 627 2033 666 2078; x_wconf 91' lang='lat' dir='ltr'><strong>ne</strong></span> <span class='ocrx_word' id='word_1_184' title='bbox 688 2019 904 2094; x_wconf 85' lang='lat' dir='ltr'><strong>contemplatio</strong></span> <span class='ocrx_word' id='word_1_185' title='bbox 925 2018 1051 2094; x_wconf 88' lang='lat' dir='ltr'><strong>quidem</strong></span> <span class='ocrx_word' id='word_1_186' title='bbox 1070 2019 1138 2080; x_wconf 86' lang='lat' dir='ltr'><strong>sine</strong></span> 
     </span>
     <span class='ocr_line' id='line_1_23' title="bbox 158 2103 350 2162; baseline -0.01 -1"><span class='ocrx_word' id='word_1_187' title='bbox 158 2103 278 2162; x_wconf 84' lang='lat' dir='ltr'><strong>actione</strong></span> <span class='ocrx_word' id='word_1_188' title='bbox 293 2107 350 2161; x_wconf 86' lang='lat' dir='ltr'><strong>est.</strong></span> 
     </span>
    </p>

    <p class='ocr_par' dir='ltr' id='par_1_5' title="bbox 132 2184 1139 2680">
     <span class='ocr_line' id='line_1_24' title="bbox 132 2184 1139 2261; baseline 0.002 -18"><span class='ocrx_word' id='word_1_189' title='bbox 132 2202 146 2252; x_wconf 88' lang='lat'><em>1</em></span> <span class='ocrx_word' id='word_1_190' title='bbox 219 2186 271 2244; x_wconf 88' lang='lat' dir='ltr'><strong>vl.</strong></span> <span class='ocrx_word' id='word_1_191' title='bbox 294 2184 378 2258; x_wconf 88' lang='lat' dir='ltr'><strong>„Sed</strong></span> <span class='ocrx_word' id='word_1_192' title='bbox 392 2187 497 2255; x_wconf 78' lang='lat' dir='ltr'><strong>refert,</strong></span> <span class='ocrx_word' id='word_1_193' title='bbox 519 2184 637 2261; x_wconf 85' lang='lat' dir='ltr'><strong>inquis,</strong></span> <span class='ocrx_word' id='word_1_194' title='bbox 657 2201 695 2244; x_wconf 92' lang='lat' dir='ltr'><strong>an</strong></span> <span class='ocrx_word' id='word_1_195' title='bbox 712 2186 750 2245; x_wconf 90' lang='lat' dir='ltr'><strong>ad</strong></span> <span class='ocrx_word' id='word_1_196' title='bbox 766 2185 846 2245; x_wconf 91' lang='lat' dir='ltr'><strong>illam</strong></span> <span class='ocrx_word' id='word_1_197' title='bbox 861 2186 1028 2261; x_wconf 83' lang='lat' dir='ltr'><strong>voluptatis</strong></span> <span class='ocrx_word' id='word_1_198' title='bbox 1045 2202 1139 2248; x_wconf 87' lang='lat' dir='ltr'><strong>causa</strong></span> 
     </span>
     <span class='ocr_line' id='line_1_25' title="bbox 159 2268 1137 2344; baseline -0.001 -14"><span class='ocrx_word' id='word_1_199' title='bbox 159 2269 325 2330; x_wconf 87' lang='lat' dir='ltr'><strong>aeoesserit</strong></span> <span class='ocrx_word' id='word_1_200' title='bbox 345 2268 417 2329; x_wconf 88' lang='lat' dir='ltr'><strong>nihil</strong></span> <span class='ocrx_word' id='word_1_201' title='bbox 439 2269 520 2329; x_wconf 89' lang='lat' dir='ltr'><strong>aliud</strong></span> <span class='ocrx_word' id='word_1_202' title='bbox 535 2285 575 2328; x_wconf 88' lang='lat' dir='ltr'><strong>ex</strong></span> <span class='ocrx_word' id='word_1_203' title='bbox 588 2270 639 2328; x_wconf 88' lang='lat' dir='ltr'><strong>illa</strong></span> <span class='ocrx_word' id='word_1_204' title='bbox 657 2277 764 2343; x_wconf 89' lang='lat' dir='ltr'><strong>petens</strong></span> <span class='ocrx_word' id='word_1_205' title='bbox 781 2285 873 2344; x_wconf 89' lang='lat' dir='ltr'><strong>quam</strong></span> <span class='ocrx_word' id='word_1_206' title='bbox 887 2269 1053 2331; x_wconf 83' lang='lat' dir='ltr'><strong>adsiduam</strong></span> <span class='ocrx_word' id='word_1_207' title='bbox 1067 2286 1137 2331; x_wconf 87' lang='lat' dir='ltr'><strong>eoo·</strong></span> 
     </span>
     <span class='ocr_line' id='line_1_26' title="bbox 158 2352 1138 2429; baseline 0.001 -16"><span class='ocrx_word' id='word_1_208' title='bbox 158 2354 383 2429; x_wconf 86' lang='lat' dir='ltr'><strong>templationem</strong></span> <span class='ocrx_word' id='word_1_209' title='bbox 407 2354 474 2413; x_wconf 89' lang='lat' dir='ltr'><strong>sine</strong></span> <span class='ocrx_word' id='word_1_210' title='bbox 489 2353 581 2414; x_wconf 85' lang='lat' dir='ltr'><strong>exitu.</strong></span> <span class='ocrx_word' id='word_1_211' title='bbox 608 2360 657 2413; x_wconf 90' lang='lat' dir='ltr'><strong>est</strong></span> <span class='ocrx_word' id='word_1_212' title='bbox 671 2354 750 2413; x_wconf 88' lang='lat' dir='ltr'><strong>enim</strong></span> <span class='ocrx_word' id='word_1_213' title='bbox 765 2352 864 2414; x_wconf 86' lang='lat' dir='ltr'><strong>duleis</strong></span> <span class='ocrx_word' id='word_1_214' title='bbox 878 2360 909 2415; x_wconf 92' lang='lat' dir='ltr'><strong>et</strong></span> <span class='ocrx_word' id='word_1_215' title='bbox 921 2352 1014 2414; x_wconf 87' lang='lat' dir='ltr'><strong>habet</strong></span> <span class='ocrx_word' id='word_1_216' title='bbox 1028 2354 1138 2414; x_wconf 77' lang='lat' dir='ltr'><strong>iniere</strong></span> 
     </span>
     <span class='ocr_line' id='line_1_27' title="bbox 158 2436 1138 2513; baseline 0.002 -18"><span class='ocrx_word' id='word_1_217' title='bbox 158 2436 230 2495; x_wconf 90' lang='lat' dir='ltr'><strong>bras</strong></span> <span class='ocrx_word' id='word_1_218' title='bbox 249 2444 354 2496; x_wconf 88' lang='lat' dir='ltr'><strong>suas.“</strong></span> <span class='ocrx_word' id='word_1_219' title='bbox 382 2438 544 2497; x_wconf 82' lang='lat' dir='ltr'><strong>Adversus</strong></span> <span class='ocrx_word' id='word_1_220' title='bbox 559 2437 619 2496; x_wconf 86' lang='lat' dir='ltr'><strong>lroo</strong></span> <span class='ocrx_word' id='word_1_221' title='bbox 634 2436 687 2496; x_wconf 89' lang='lat' dir='ltr'><strong>tibi</strong></span> <span class='ocrx_word' id='word_1_222' title='bbox 700 2437 892 2512; x_wconf 79' lang='lat' dir='ltr'><strong>respondeo:</strong></span> <span class='ocrx_word' id='word_1_223' title='bbox 913 2439 1024 2513; x_wconf 81' lang='lat' dir='ltr'><strong>Aeque</strong></span> <span class='ocrx_word' id='word_1_224' title='bbox 1037 2439 1138 2512; x_wconf 87' lang='lat' dir='ltr'><strong>relert,</strong></span> 
     </span>
     <span class='ocr_line' id='line_1_28' title="bbox 160 2519 1138 2597; baseline 0.003 -20"><span class='ocrx_word' id='word_1_225' title='bbox 160 2536 221 2593; x_wconf 91' lang='lat' dir='ltr'><strong>quo</strong></span> <span class='ocrx_word' id='word_1_226' title='bbox 236 2520 337 2578; x_wconf 91' lang='lat' dir='ltr'><strong>animo</strong></span> <span class='ocrx_word' id='word_1_227' title='bbox 358 2519 478 2579; x_wconf 89' lang='lat' dir='ltr'><strong>oivilem</strong></span> <span class='ocrx_word' id='word_1_228' title='bbox 499 2519 703 2593; x_wconf 67' lang='lat' dir='ltr'><strong>agasvitam,</strong></span> <span class='ocrx_word' id='word_1_229' title='bbox 726 2536 765 2579; x_wconf 94' lang='lat' dir='ltr'><strong>an</strong></span> <span class='ocrx_word' id='word_1_230' title='bbox 787 2537 910 2595; x_wconf 88' lang='lat' dir='ltr'><strong>semper</strong></span> <span class='ocrx_word' id='word_1_231' title='bbox 924 2520 1080 2597; x_wconf 90' lang='lat' dir='ltr'><strong>inquietus</strong></span> <span class='ocrx_word' id='word_1_232' title='bbox 1094 2521 1138 2581; x_wconf 88' lang='lat' dir='ltr'><strong>sis</strong></span> 
     </span>
     <span class='ocr_line' id='line_1_29' title="bbox 159 2602 1139 2680; baseline 0.004 -20"><span class='ocrx_word' id='word_1_233' title='bbox 159 2616 216 2660; x_wconf 88' lang='lat' dir='ltr'><strong>nee</strong></span> <span class='ocrx_word' id='word_1_234' title='bbox 235 2617 380 2676; x_wconf 91' lang='lat' dir='ltr'><strong>umquam</strong></span> <span class='ocrx_word' id='word_1_235' title='bbox 402 2618 507 2662; x_wconf 89' lang='lat' dir='ltr'><strong>sumas</strong></span> <span class='ocrx_word' id='word_1_236' title='bbox 525 2602 619 2662; x_wconf 93' lang='lat' dir='ltr'><strong>ullum</strong></span> <span class='ocrx_word' id='word_1_237' title='bbox 638 2610 774 2678; x_wconf 89' lang='lat' dir='ltr'><strong>tempus,</strong></span> <span class='ocrx_word' id='word_1_238' title='bbox 801 2620 863 2680; x_wconf 93' lang='lat' dir='ltr'><strong>quo</strong></span> <span class='ocrx_word' id='word_1_239' title='bbox 885 2605 923 2665; x_wconf 90' lang='lat' dir='ltr'><strong>ab</strong></span> <span class='ocrx_word' id='word_1_240' title='bbox 943 2604 1084 2665; x_wconf 85' lang='lat' dir='ltr'><strong>humanis</strong></span> <span class='ocrx_word' id='word_1_241' title='bbox 1099 2603 1139 2664; x_wconf 91' lang='lat' dir='ltr'><strong>ad</strong></span> 
     </span>
    </p>

    <p class='ocr_par' dir='ltr' id='par_1_6' title="bbox 130 2685 1138 3098">
     <span class='ocr_line' id='line_1_30' title="bbox 130 2685 1138 2763; baseline 0.005 -19"><span class='ocrx_word' id='word_1_242' title='bbox 130 2685 262 2744; x_wconf 79' lang='lat' dir='ltr'><strong>‘ldivina</strong></span> <span class='ocrx_word' id='word_1_243' title='bbox 280 2685 439 2759; x_wconf 79' lang='lat' dir='ltr'><strong>respicias.</strong></span> <span class='ocrx_word' id='word_1_244' title='bbox 468 2685 629 2758; x_wconf 82' lang='lat' dir='ltr'><strong>Quomodo</strong></span> <span class='ocrx_word' id='word_1_245' title='bbox 649 2701 699 2746; x_wconf 86' lang='lat' dir='ltr'><strong>res</strong></span> <span class='ocrx_word' id='word_1_246' title='bbox 721 2687 868 2763; x_wconf 89' lang='lat' dir='ltr'><strong>adpetere</strong></span> <span class='ocrx_word' id='word_1_247' title='bbox 888 2688 955 2749; x_wconf 88' lang='lat' dir='ltr'><strong>sine</strong></span> <span class='ocrx_word' id='word_1_248' title='bbox 968 2688 1032 2749; x_wconf 92' lang='lat' dir='ltr'><strong>ullo</strong></span> <span class='ocrx_word' id='word_1_249' title='bbox 1046 2686 1138 2749; x_wconf 84' lang='lat' dir='ltr'><strong>virtu·</strong></span> 
     </span>
     <span class='ocr_line' id='line_1_31' title="bbox 160 2768 1137 2846; baseline 0.005 -19"><span class='ocrx_word' id='word_1_250' title='bbox 160 2776 221 2827; x_wconf 92' lang='lat' dir='ltr'><strong>tum</strong></span> <span class='ocrx_word' id='word_1_251' title='bbox 241 2783 347 2828; x_wconf 89' lang='lat' dir='ltr'><strong>amore</strong></span> <span class='ocrx_word' id='word_1_252' title='bbox 369 2775 399 2828; x_wconf 90' lang='lat' dir='ltr'><strong>et</strong></span> <span class='ocrx_word' id='word_1_253' title='bbox 417 2768 484 2827; x_wconf 92' lang='lat' dir='ltr'><strong>sine</strong></span> <span class='ocrx_word' id='word_1_254' title='bbox 505 2770 587 2829; x_wconf 91' lang='lat' dir='ltr'><strong>eultu</strong></span> <span class='ocrx_word' id='word_1_255' title='bbox 607 2770 720 2844; x_wconf 74' lang='lat' dir='ltr'><strong>ingenii</strong></span> <span class='ocrx_word' id='word_1_256' title='bbox 741 2785 778 2829; x_wconf 90' lang='lat' dir='ltr'><strong>ao</strong></span> <span class='ocrx_word' id='word_1_257' title='bbox 798 2771 899 2832; x_wconf 87' lang='lat' dir='ltr'><strong>nudes</strong></span> <span class='ocrx_word' id='word_1_258' title='bbox 916 2772 1010 2832; x_wconf 86' lang='lat' dir='ltr'><strong>edere</strong></span> <span class='ocrx_word' id='word_1_259' title='bbox 1025 2786 1137 2846; x_wconf 83' lang='lat' dir='ltr'><strong>operes</strong></span> 
     </span>
     <span class='ocr_line' id='line_1_32' title="bbox 158 2851 1137 2928; baseline 0.001 -17"><span class='ocrx_word' id='word_1_260' title='bbox 158 2851 280 2912; x_wconf 89' lang='lat' dir='ltr'><strong>minime</strong></span> <span class='ocrx_word' id='word_1_261' title='bbox 296 2851 453 2928; x_wconf 87' lang='lat' dir='ltr'><strong>probabile</strong></span> <span class='ocrx_word' id='word_1_262' title='bbox 474 2861 536 2927; x_wconf 90' lang='lat' dir='ltr'><strong>est,</strong></span> <span class='ocrx_word' id='word_1_263' title='bbox 557 2854 679 2913; x_wconf 80' lang='lat' dir='ltr'><strong>misceri</strong></span> <span class='ocrx_word' id='word_1_264' title='bbox 700 2853 779 2913; x_wconf 88' lang='lat' dir='ltr'><strong>enim</strong></span> <span class='ocrx_word' id='word_1_265' title='bbox 802 2855 860 2915; x_wconf 88' lang='lat' dir='ltr'><strong>ista</strong></span> <span class='ocrx_word' id='word_1_266' title='bbox 879 2855 957 2916; x_wconf 88' lang='lat' dir='ltr'><strong>inter</strong></span> <span class='ocrx_word' id='word_1_267' title='bbox 971 2869 1008 2915; x_wconf 90' lang='lat' dir='ltr'><strong>se</strong></span> <span class='ocrx_word' id='word_1_268' title='bbox 1021 2864 1053 2916; x_wconf 91' lang='lat' dir='ltr'><strong>et</strong></span> <span class='ocrx_word' id='word_1_269' title='bbox 1066 2870 1137 2915; x_wconf 89' lang='lat' dir='ltr'><strong>oon·</strong></span> 
     </span>
     <span class='ocr_line' id='line_1_33' title="bbox 159 2937 1138 3013; baseline 0.001 -17"><span class='ocrx_word' id='word_1_270' title='bbox 159 2937 220 2997; x_wconf 88' lang='lat' dir='ltr'><strong>seri</strong></span> <span class='ocrx_word' id='word_1_271' title='bbox 235 2937 361 2997; x_wconf 76' lang='lat' dir='ltr'><strong>debent:</strong></span> <span class='ocrx_word' id='word_1_272' title='bbox 384 2937 429 2997; x_wconf 90' lang='lat' dir='ltr'><strong>sio</strong></span> <span class='ocrx_word' id='word_1_273' title='bbox 449 2937 648 3011; x_wconf 82' lang='lat' dir='ltr'><strong>inperfectum</strong></span> <span class='ocrx_word' id='word_1_274' title='bbox 670 2953 707 2998; x_wconf 86' lang='lat' dir='ltr'><strong>ao</strong></span> <span class='ocrx_word' id='word_1_275' title='bbox 728 2938 904 3013; x_wconf 79' lang='lat' dir='ltr'><strong>languidum</strong></span> <span class='ocrx_word' id='word_1_276' title='bbox 917 2939 1033 3000; x_wconf 91' lang='lat' dir='ltr'><strong>bonum</strong></span> <span class='ocrx_word' id='word_1_277' title='bbox 1048 2938 1138 2999; x_wconf 87' lang='lat' dir='ltr'><strong>estin</strong></span> 
     </span>
     <span class='ocr_line' id='line_1_34' title="bbox 159 3020 1138 3098; baseline 0 -18"><span class='ocrx_word' id='word_1_278' title='bbox 159 3023 251 3080; x_wconf 92' lang='lat' dir='ltr'><strong>otium</strong></span> <span class='ocrx_word' id='word_1_279' title='bbox 266 3020 334 3081; x_wconf 89' lang='lat' dir='ltr'><strong>sine</strong></span> <span class='ocrx_word' id='word_1_280' title='bbox 348 3027 418 3080; x_wconf 86' lang='lat' dir='ltr'><strong>actu</strong></span> <span class='ocrx_word' id='word_1_281' title='bbox 432 3022 570 3095; x_wconf 85' lang='lat' dir='ltr'><strong>proiecte</strong></span> <span class='ocrx_word' id='word_1_282' title='bbox 583 3021 694 3095; x_wconf 88' lang='lat' dir='ltr'><strong>virtus,</strong></span> <span class='ocrx_word' id='word_1_283' title='bbox 717 3038 882 3097; x_wconf 89' lang='lat' dir='ltr'><strong>numquam</strong></span> <span class='ocrx_word' id='word_1_284' title='bbox 897 3023 943 3096; x_wconf 91' lang='lat' dir='ltr'><strong>id,</strong></span> <span class='ocrx_word' id='word_1_285' title='bbox 961 3023 1049 3098; x_wconf 89' lang='lat' dir='ltr'><strong>quod</strong></span> <span class='ocrx_word' id='word_1_286' title='bbox 1063 3020 1138 3082; x_wconf 90' lang='lat' dir='ltr'><strong>didi·</strong></span> 
     </span>
    </p>

    <p class='ocr_par' dir='ltr' id='par_1_7' title="bbox 129 3102 1138 3264">
     <span class='ocr_line' id='line_1_35' title="bbox 129 3102 1137 3181; baseline 0.002 -18"><span class='ocrx_word' id='word_1_287' title='bbox 129 3104 210 3175; x_wconf 75' lang='lat' dir='ltr'><strong>scit,</strong></span> <span class='ocrx_word' id='word_1_288' title='bbox 233 3102 410 3163; x_wconf 86' lang='lat' dir='ltr'><strong>ostendens.</strong></span> <span class='ocrx_word' id='word_1_289' title='bbox 440 3103 513 3177; x_wconf 82' lang='lat' dir='ltr'><strong>Quis</strong></span> <span class='ocrx_word' id='word_1_290' title='bbox 534 3112 625 3179; x_wconf 73' lang='lat' dir='ltr'><strong>negat</strong></span> <span class='ocrx_word' id='word_1_291' title='bbox 646 3106 726 3164; x_wconf 88' lang='lat' dir='ltr'><strong>illam</strong></span> <span class='ocrx_word' id='word_1_292' title='bbox 748 3104 862 3166; x_wconf 84' lang='lat' dir='ltr'><strong>debere</strong></span> <span class='ocrx_word' id='word_1_293' title='bbox 883 3106 1042 3181; x_wconf 82' lang='lat' dir='ltr'><strong>proiectus</strong></span> <span class='ocrx_word' id='word_1_294' title='bbox 1062 3120 1137 3166; x_wconf 90' lang='lat' dir='ltr'><strong>suos</strong></span> 
     </span>
     <span class='ocr_line' id='line_1_36' title="bbox 158 3187 1138 3264; baseline 0.006 -21"><span class='ocrx_word' id='word_1_295' title='bbox 158 3187 187 3243; x_wconf 90' lang='lat' dir='ltr'><strong>in</strong></span> <span class='ocrx_word' id='word_1_296' title='bbox 202 3199 299 3259; x_wconf 88' lang='lat' dir='ltr'><strong>opere</strong></span> <span class='ocrx_word' id='word_1_297' title='bbox 313 3193 483 3260; x_wconf 79' lang='lat' dir='ltr'><strong>temptaret</strong></span> <span class='ocrx_word' id='word_1_298' title='bbox 509 3201 566 3246; x_wconf 86' lang='lat' dir='ltr'><strong>neo</strong></span> <span class='ocrx_word' id='word_1_299' title='bbox 581 3194 694 3248; x_wconf 91' lang='lat' dir='ltr'><strong>tantum</strong></span> <span class='ocrx_word' id='word_1_300' title='bbox 710 3189 785 3263; x_wconf 93' lang='lat' dir='ltr'><strong>quid</strong></span> <span class='ocrx_word' id='word_1_301' title='bbox 800 3190 972 3250; x_wconf 79' lang='lat' dir='ltr'><strong>laciendum</strong></span> <span class='ocrx_word' id='word_1_302' title='bbox 987 3191 1038 3264; x_wconf 81' lang='lat' dir='ltr'><strong>sit,</strong></span> <span class='ocrx_word' id='word_1_303' title='bbox 1056 3189 1138 3263; x_wconf 77' lang='lat' dir='ltr'><strong>eogi-</strong></span> 
     </span>
    </p>
   </div>
   <div class='ocr_carea' id='block_1_3' title="bbox 157 3268 1139 3516">
    <p class='ocr_par' dir='ltr' id='par_1_8' title="bbox 157 3268 1139 3516">
     <span class='ocr_line' id='line_1_37' title="bbox 159 3268 1139 3348; baseline 0.003 -20"><span class='ocrx_word' id='word_1_304' title='bbox 159 3278 237 3341; x_wconf 85' lang='lat' dir='ltr'><strong>tare,</strong></span> <span class='ocrx_word' id='word_1_305' title='bbox 258 3268 424 3328; x_wconf 84' lang='lat' dir='ltr'><strong>sedetiam</strong></span> <span class='ocrx_word' id='word_1_306' title='bbox 446 3269 610 3344; x_wconf 88' lang='lat' dir='ltr'><strong>aliquando</strong></span> <span class='ocrx_word' id='word_1_307' title='bbox 633 3286 753 3332; x_wconf 89' lang='lat' dir='ltr'><strong>manum</strong></span> <span class='ocrx_word' id='word_1_308' title='bbox 774 3287 919 3333; x_wconf 77' lang='lat' dir='ltr'><strong>exercere</strong></span> <span class='ocrx_word' id='word_1_309' title='bbox 933 3281 964 3334; x_wconf 90' lang='lat' dir='ltr'><strong>et</strong></span> <span class='ocrx_word' id='word_1_310' title='bbox 982 3288 1035 3348; x_wconf 91' lang='lat' dir='ltr'><strong>ea,</strong></span> <span class='ocrx_word' id='word_1_311' title='bbox 1059 3286 1139 3347; x_wconf 89' lang='lat' dir='ltr'><strong>quae</strong></span> 
     </span>
     <span class='ocr_line' id='line_1_38' title="bbox 157 3352 1138 3433; baseline 0.004 -22"><span class='ocrx_word' id='word_1_312' title='bbox 157 3353 301 3413; x_wconf 86' lang='lat' dir='ltr'><strong>meditata</strong></span> <span class='ocrx_word' id='word_1_313' title='bbox 321 3359 405 3423; x_wconf 92' lang='lat' dir='ltr'><strong>sunt,</strong></span> <span class='ocrx_word' id='word_1_314' title='bbox 428 3352 468 3411; x_wconf 91' lang='lat' dir='ltr'><strong>ad</strong></span> <span class='ocrx_word' id='word_1_315' title='bbox 491 3368 595 3412; x_wconf 89' lang='lat' dir='ltr'><strong>verum</strong></span> <span class='ocrx_word' id='word_1_316' title='bbox 611 3354 804 3429; x_wconf 81' lang='lat' dir='ltr'><strong>perduceret</strong></span> <span class='ocrx_word' id='word_1_317' title='bbox 830 3356 908 3430; x_wconf 82' lang='lat' dir='ltr'><strong>Quid</strong></span> <span class='ocrx_word' id='word_1_318' title='bbox 925 3357 952 3417; x_wconf 92' lang='lat' dir='ltr'><strong>sl</strong></span> <span class='ocrx_word' id='word_1_319' title='bbox 968 3355 1138 3433; x_wconf 88' lang='lat' dir='ltr'><strong>peripsum</strong></span> 
     </span>
     <span class='ocr_line' id='line_1_39' title="bbox 157 3436 1138 3516; baseline 0.001 -20"><span class='ocrx_word' id='word_1_320' title='bbox 157 3436 327 3511; x_wconf 86' lang='lat' dir='ltr'><strong>sapientem</strong></span> <span class='ocrx_word' id='word_1_321' title='bbox 342 3451 403 3496; x_wconf 95' lang='lat' dir='ltr'><strong>non</strong></span> <span class='ocrx_word' id='word_1_322' title='bbox 418 3444 467 3497; x_wconf 90' lang='lat' dir='ltr'><strong>est</strong></span> <span class='ocrx_word' id='word_1_323' title='bbox 486 3453 585 3510; x_wconf 91' lang='lat' dir='ltr'><strong>mora,</strong></span> <span class='ocrx_word' id='word_1_324' title='bbox 606 3437 632 3498; x_wconf 91' lang='lat' dir='ltr'><strong>si</strong></span> <span class='ocrx_word' id='word_1_325' title='bbox 647 3454 707 3498; x_wconf 93' lang='lat' dir='ltr'><strong>non</strong></span> <span class='ocrx_word' id='word_1_326' title='bbox 722 3446 809 3499; x_wconf 87' lang='lat' dir='ltr'><strong>actor</strong></span> <span class='ocrx_word' id='word_1_327' title='bbox 823 3439 923 3515; x_wconf 88' lang='lat' dir='ltr'><strong>deest,</strong></span> <span class='ocrx_word' id='word_1_328' title='bbox 946 3440 1004 3501; x_wconf 87' lang='lat' dir='ltr'><strong>sed</strong></span> <span class='ocrx_word' id='word_1_329' title='bbox 1017 3438 1138 3516; x_wconf 80' lang='lat' dir='ltr'><strong>agenda</strong></span> 
     </span>
    </p>
   </div>
   <div class='ocr_carea' id='block_1_4' title="bbox 0 0 1194 3856">
    <p class='ocr_par' dir='ltr' id='par_1_9' title="bbox 0 0 1194 3856">
     <span class='ocr_line' id='line_1_40' title="bbox 0 0 1194 3856; baseline 0 0"><span class='ocrx_word' id='word_1_330' title='bbox 0 0 1194 3856; x_wconf 95' lang='lat' dir='ltr'><strong> </strong></span> 
     </span>
    </p>
   </div>
  </div>
 </body>
</html>
