2378 3856
340 424 374 504 t.
399 423 538 507 tillet
559 423 729 509 SENECAE

201 570 573 669 ntttotttttttttt
612 566 783 666 tttttln
820 575 865 668 tl.

408 746 457 798 nn
477 746 658 812 suunnun

48 862 116 926 tao
140 860 317 925 1tttttntntt
341 861 418 924 NEC
445 863 720 926 contuttnttttt
746 863 935 927 Acotrltttti
963 865 1022 927 SA-

251 1002 253 1007 ·
442 961 618 1025 Ptnntntt.

471 1116 482 1122 ⁴-
506 1095 558 1132 slve

299 1189 341 1253 EE
358 1187 567 1255 tonsttnttt
583 1184 767 1253 statuitis·

103 1447 127 1504 l.
148 1407 285 1504 Tantum
304 1443 383 1525 iuter
404 1442 541 1516 Stoicos,
557 1443 688 1516 Serene,
711 1449 741 1502 et
761 1448 881 1503 ceteros
903 1444 1050 1518 sapien-1

48 1530 113 1588 iam
135 1528 296 1603 professos
316 1527 467 1588 interesse
484 1534 628 1603 quantum
642 1528 720 1587 inter
735 1526 865 1587 feminas
880 1532 910 1586 et
924 1543 1025 1589 mares

48 1628 102 1674 ton
118 1610 257 1672 inmerito
273 1611 416 1687 dixerim,
441 1628 509 1672 cum
524 1619 654 1688 utraque
669 1609 758 1672 turba
771 1610 811 1670 ad
825 1611 906 1670 vitae
927 1610 1026 1671 socie-

48 1703 131 1756 atem
147 1694 335 1756 tantumdem
350 1697 502 1771 conterat,
524 1697 582 1756 sed
596 1697 691 1758 altera
706 1709 778 1768 pars
794 1694 834 1753 ad
851 1694 1025 1769 obsequen-

48 1779 129 1855 lum,
151 1780 246 1840 altera
266 1777 394 1854 imperio
410 1787 482 1840 nata
497 1780 545 1842 sit.
573 1779 666 1840 ceteri
682 1778 838 1852 sapientes
854 1777 984 1837 molliter
998 1785 1027 1838 et

48 1864 168 1934 olande,
190 1870 222 1923 ut
237 1864 301 1922 lere
315 1863 477 1925 domestici
491 1870 523 1924 et
535 1864 700 1923 familiares
715 1861 825 1921 medici
840 1861 942 1936 aegris
958 1877 1025 1922 cor-

48 1945 169 2021 poribus
193 1961 254 2005 uon
278 1963 338 2020 qua
359 1947 505 2021 optimum
526 1955 557 2007 et
577 1946 768 2008 celerrimum
790 1951 839 2005 est
857 1946 1024 2018 medentur,

48 2029 100 2086 sed
113 2044 174 2101 qua
188 2029 271 2088 licet:
288 2027 382 2087 Stoici
396 2029 513 2089 virilem
528 2029 659 2105 ingressi
670 2032 759 2103 viam,
776 2046 837 2090 uon
852 2035 885 2089 ut
897 2044 1026 2088 amoena

48 2109 215 2168 ¹neuntibus
237 2109 391 2181 videatur,
413 2127 506 2172 curae
526 2112 653 2187 habent,
676 2114 732 2174 sed
754 2121 787 2174 ut
802 2113 1025 2189 quamprimum

48 2207 102 2252 nos
119 2190 229 2264 eripiat
243 2197 272 2249 et
292 2191 322 2248 in
339 2192 422 2252 illum
436 2195 551 2254 editum
565 2197 709 2255 verticem
725 2197 850 2271 educat,
874 2197 925 2272 qui
946 2194 1024 2254 adeo

48 2282 130 2336 extra
144 2287 265 2334 omnem
279 2273 329 2331 teli
344 2274 455 2334 iactum
470 2277 616 2348 surrexit,
631 2285 771 2353 utsupra
785 2280 936 2340 loctunam
952 2277 1024 2336 emi·

48 2367 122 2420 neat.
145 2360 207 2433 „At
226 2357 323 2417 ardua
344 2372 400 2432 per
421 2372 501 2431 quae
516 2372 663 2418 vocamur
678 2366 708 2418 et
722 2362 909 2438 confragosa
927 2359 1055 2422 suntal

48 2442 119 2515 Quid
134 2442 237 2503 enimi
256 2443 348 2517 plano
369 2440 468 2501 aditur
482 2441 662 2500 excelsum?
682 2442 739 2502 sed
761 2459 799 2503 ue
820 2453 880 2505 tam
898 2446 1027 2520 abmpta

48 2527 166 2601 quidem
189 2533 273 2600 suut,
298 2542 388 2601 quam
410 2524 534 2600 quidam
556 2531 670 2598 putant.
699 2526 797 2598 prima
818 2535 933 2586 tautum
953 2544 1025 2602 pars

48 2626 120 2670 saxa
134 2625 292 2685 rupesque
306 2609 399 2669 habet
420 2616 450 2670 et
470 2608 542 2668 invii
557 2608 709 2682 speciem,
731 2607 810 2667 sicut
824 2609 973 2682 pleraque
987 2625 1027 2670 cx

53 2693 209 2768 onginquo
226 2693 455 2768 speculantibus
471 2691 595 2752 abscisa
610 2699 639 2751 et
655 2705 796 2751 connexa
806 2690 904 2751 videri
917 2691 1026 2765 solent,

48 2793 110 2836 tum
122 2777 218 2835 aciem
231 2776 440 2850 longinquitas
455 2777 547 2836 lallat.
571 2776 683 2836 deinde
699 2774 827 2849 propius
842 2775 1025 2834 adeuntibus

48 2861 149 2919 eadem
170 2859 234 2932 illa,
265 2875 344 2933 quae
365 2860 393 2917 in
415 2875 509 2919 unum
530 2865 730 2934 congesserat
752 2873 838 2918 error
858 2859 1024 2931 oculorum,
1109 2864 1118 2878 “

48 2942 185 3018 ¹taulatim
198 2942 424 3018 adaperiuntur.
447 2950 510 3001 tum
526 2943 584 3004 illis
597 2959 677 3017 quae
687 2941 866 3018 praecipitia
881 2957 919 3001 ex
934 2941 1025 3002 inter·

48 3029 121 3088 uallo
137 3026 340 3102 adparatum,
362 3026 530 3087 reditione
553 3028 714 3102 lastigium.
743 3027 848 3102 Nuper
863 3042 930 3086 cum
952 3025 1055 3085 inci-tl

48 3111 139 3172 iisset
151 3111 263 3171 mentio
274 3111 313 3169 Μ.
328 3110 465 3182 Catonis,
482 3109 606 3185 indigue
621 3112 758 3187 lerebus,
774 3113 852 3172 sicut
866 3127 901 3172 es
916 3109 1025 3185 iniqui-

48 3194 110 3254 atis
125 3194 291 3268 inpatienS‚
310 3194 394 3270 quod
405 3195 549 3255 catonem
565 3202 649 3256 aetas
665 3211 723 3256 sua
734 3212 842 3270 parum
859 3194 1024 3255 intellexis-

48 3284 102 3350 set,
126 3279 209 3351 quod
231 3293 326 3354 supra
345 3278 508 3353 Pompeios
530 3286 560 3339 et
580 3279 728 3340 Caesares
750 3287 925 3354 surgentem
945 3275 1025 3333 inira

48 3359 181 3420 Vatinios
196 3362 363 3501 posuilsset.
392 3369 422 3423 et
442 3361 495 3421 titi
510 3361 667 3435 indignum
681 3361 858 3435 videbatur,
882 3357 968 3434 quod
982 3357 1026 3416 illl

77 3458 184 3502 ,sunnon
198 3463 267 3502 nutu.
295 3489 301 3501 .
800 3451 817 3501 ἃ
