2378 3856
167 207 210 270 34
254 208 355 268 DlnL.
378 207 414 267 ll.
439 206 513 266 illoc
527 206 708 266 INIURIAM
721 204 794 265 iilic
809 203 973 266 CONTUM.
988 220 1051 264 arc.

170 359 292 436 quaudo
307 357 396 417 etium
411 356 596 417 salutaribus
613 371 673 415 non
689 370 896 429 occurremua‚
906 356 978 416 dum
990 358 1151 420 muliebris

168 460 226 503 nos
242 455 316 502 cura
330 439 413 513 angit
426 439 541 514 aliquid
561 445 668 501 contm
680 439 811 499 animum
826 439 979 499 audiendi.
1008 441 1150 516 aliquan·

169 528 210 587 do
235 524 325 585 etiam
346 522 454 583 obirati
481 522 656 598 potentibus
682 521 859 596 delegamus
885 522 967 583 buno
992 524 1151 587 adlectum

169 607 381 682 intemperanti
396 606 542 668 libertate.
584 623 645 667 non
666 610 714 665 est
727 613 827 666 autem
841 605 964 667 libertas
980 606 1053 666 nihil
1074 611 1150 684 pati.

168 692 307 753 fallimur.
341 687 463 750 libertas
478 697 525 748 est
539 687 670 749 animum
684 703 894 764 superponere
909 689 1025 755 iniuriis
1035 699 1152 754 eleum

169 777 271 835 lacere
284 788 334 845 se,
351 789 390 832 ex
406 787 466 848 quo
483 773 550 832 solo
572 772 629 832 sibi
643 772 808 847 gaudenda
826 772 957 833 veniant.
994 777 1153 839 exteriora

168 859 323 919 deducere
337 871 357 916 a
370 871 421 927 se,
435 870 474 914 ne
488 854 624 929 inquieta
639 856 759 929 agenda
775 857 815 916 sit
829 857 889 916 vita
903 858 1038 917 omnium
1053 860 1150 934 risus,

170 941 304 1003 omnium
318 939 437 1014 linguas
454 938 577 1001 timenti.
617 938 687 1014 quis
707 940 787 998 eoin
807 948 868 1013 est,
891 941 943 1015 qui
961 956 1022 1002 nen
1045 947 1152 1017 possit

140 1023 382 1085 econtumeliam
397 1023 507 1095 lacere,
523 1022 550 1081 si
565 1021 726 1098 quisquam
744 1029 866 1097 potesta
902 1023 1030 1084 Diverso
1046 1034 1151 1087 autem

168 1106 305 1168 remedie
320 1113 420 1166 utetur
440 1106 567 1180 sepiens
581 1106 813 1182 adsectatorque
834 1107 1019 1181 sapientiae:
1044 1107 1149 1183 inpar·

169 1191 257 1252 leolis
272 1190 351 1249 enim
367 1197 397 1251 et
413 1188 516 1248 adhue
536 1188 576 1248 ad
599 1188 752 1263 pubiicum
772 1203 808 1248 se
827 1186 970 1249 iudicium
991 1189 1150 1265 dirigenti·

168 1275 226 1335 bus
240 1274 301 1334 hoe
316 1273 551 1349 proponendum
570 1278 619 1331 est
638 1272 716 1331 inter
735 1271 859 1332 iniurias
880 1272 967 1348 ipsos
990 1280 1149 1337 contume-

168 1359 289 1433 liasque
315 1356 430 1417 debere
455 1355 586 1417 versari=
616 1355 718 1419 omnia
738 1355 853 1416 leviora
873 1357 1013 1416 aeeident
1034 1374 1150 1434 exspe-

168 1442 328 1503 etantibus.
342 1455 403 1514 quo
416 1438 549 1514 quisque
560 1437 719 1500 honestior
728 1454 849 1513 genere,
862 1440 950 1512 lama,
964 1442 1149 1514 patrimonio

169 1532 225 1597 est,
240 1524 300 1584 boe
314 1538 349 1583 se
364 1521 471 1582 lortius
486 1527 580 1595 amat.
611 1537 727 1584 memor
747 1524 778 1582 in
799 1522 898 1597 prima
916 1523 983 1583 acie
1003 1524 1083 1588 altos
1099 1542 1148 1587 or·

169 1606 257 1668 dines
273 1613 369 1679 stare,
385 1604 584 1667 contumelias
600 1611 631 1664 et
644 1606 739 1665 verba
754 1603 906 1680 probrose
918 1616 950 1668 et
964 1607 1149 1681 ignominias

169 1699 200 1752 et
223 1698 324 1751 celera
348 1688 622 1749 dehonestamenta
640 1689 724 1749 velut
743 1691 907 1750 clamorem
921 1690 1054 1752 hostium
1069 1694 1150 1755 lerat

169 1781 200 1834 et
213 1775 380 1848 longinqua
396 1773 456 1832 tela
471 1778 501 1830 et
516 1786 593 1830 saxa
604 1772 672 1831 sine
686 1773 811 1834 volnere
826 1774 907 1833 eirea
927 1777 1032 1848 galeas
1048 1778 1148 1852 crepi-

168 1859 272 1918 tantia.
304 1855 430 1916 iniurias
450 1871 524 1915 vero
543 1862 577 1914 ut
596 1856 737 1927 volnera,
761 1857 941 1932 allemanie,
957 1857 1149 1933 aliapeotori

169 1941 278 2013 inlixa,
302 1955 363 1999 non
384 1939 536 2011 deiectus,
562 1953 601 1998 ne
621 1947 721 2000 mutus
737 1940 860 2015 quidem
874 1941 973 2016 gradu
987 1942 1149 2004 sustineat

169 2022 287 2084 etiamsi
319 2022 465 2097 premeris
492 2029 522 2082 et
545 2021 655 2083 inlesta
679 2024 709 2082 vi
734 2024 868 2098 urgeris,
910 2026 1019 2084 cedere
1045 2031 1147 2086 brnen

169 2116 258 2182 turpe
282 2113 342 2166 esta
371 2106 562 2180 adsignatum
585 2113 730 2166 enatura
755 2107 855 2167 locum
884 2112 978 2168 tuere.
1022 2110 1148 2183 quaeris

141 2192 240 2266 equis
253 2190 302 2249 bie
317 2189 357 2250 sit
370 2190 478 2250 locust
500 2189 565 2249 viri.
597 2187 733 2265 Sapienti
754 2190 837 2250 aliud
856 2191 999 2252 auxilium
1014 2197 1065 2252 est
1077 2192 1148 2254 huic

170 2273 363 2336 contrarium.
395 2289 452 2333 vos
467 2273 547 2332 enim
561 2287 625 2332 rem
639 2273 759 2348 geritis,
780 2271 822 2333 illi
842 2281 929 2349 parta
942 2273 1072 2335 victoria
1089 2283 1147 2336 est.

169 2358 213 2418 Ne
226 2363 394 2433 repugnate
409 2363 513 2417 vestro
528 2357 611 2417 bono
629 2364 659 2418 et
678 2356 758 2418 lianc
772 2373 874 2432 spem,
896 2357 968 2418 darn
985 2355 1148 2419 adrerum

170 2442 369 2516 pervenistis,
396 2441 465 2501 alite
479 2442 509 2499 in
524 2439 632 2499 animis
653 2440 844 2515 libentesque
867 2441 1000 2501 meliore·
1013 2441 1147 2518 excipite

170 2531 201 2584 et
216 2523 359 2598 opinione
380 2539 416 2583 eo
437 2530 510 2584 voto
533 2523 646 2582 iuvate:
669 2538 741 2584 esse
763 2524 877 2600 aliquid
897 2522 1051 2595 invictum,
1074 2540 1146 2586 esse

170 2605 312 2682 aliquem,
324 2608 354 2667 in
369 2623 460 2682 quem
473 2605 546 2664 nihil
557 2607 678 2668 lortuna
694 2608 802 2682 possit
822 2623 839 2666 e
856 2606 1014 2682 republica
1030 2614 1079 2676 est
1093 2623 1146 2685 ge·

191 2691 253 2752 eris
270 2691 403 2754 humaui.
