2378 3856
73 209 542 272 ADHELVIAMMATREMDE
551 210 1044 278 consolationum-rabor

69 365 143 424 illae
161 362 416 437 consolabuntur,
438 364 507 424 illae
528 365 735 439 delectabunt,
757 365 868 426 illaesi
884 366 1042 429 bonafide
1057 386 1075 436 5

69 448 99 506 in
120 447 255 509 animum
275 453 360 508 tuum
380 446 570 522 intraverint,
587 464 759 524 numquam
778 451 909 525 amplius
923 451 1046 517 intrabit

68 532 172 605 dolor,
192 546 357 607 numquam
377 528 567 604 sollicitudo,
590 547 756 606 numquam
770 532 955 594 adflictionis
972 537 1043 596 inri-

69 623 118 675 tae
132 630 327 690 supervacua
337 614 470 675 vexatio.
492 615 566 675 nulli
576 614 686 676 hormn
698 616 812 690 patebit
823 625 932 690 pectus
943 627 1042 682 tuum:

67 715 139 759 nam
160 699 270 761 ceteris
290 697 372 758 vitiis
391 697 572 773 iampridem
593 698 712 758 clusum
727 706 784 759 est.
820 700 904 760 Haec
920 702 1043 779 quidem

67 781 239 844 certissima
254 781 409 858 praesidia
423 787 539 842 suntet
553 797 633 857 quae
648 783 715 842 sola
729 789 759 843 te
773 785 913 843 fortunae
924 787 1044 861 eripere

66 863 200 942 possint.
284 892 287 912 -·
596 907 601 916 ·
884 891 886 895 ¹

129 949 237 1009 XVlll.
270 948 333 1009 Sed
352 949 439 1023 quia,
467 947 539 1008 dum
559 948 589 1007 in
610 949 693 1009 illum
713 958 849 1026 portum,
878 967 968 1026 quem
990 953 1074 1018 tibil

66 1032 171 1094 studia
185 1032 377 1108 promittunt,
393 1032 585 1107 perveneris,
600 1033 792 1095 adminiculis
803 1035 919 1110 qulbus
935 1037 1042 1098 innita·

64 1116 1041 1191 ris‚opusest,volointerimsolatiatibituaosten-

65 1202 170 1260 dere.
194 1201 369 1275 Respice
390 1200 534 1260 fratres
549 1215 668 1266 moos,
690 1200 913 1273 quibussalvis
928 1203 1042 1264 iastibi

65 1291 199 1345 nonest
218 1298 366 1344 accusare
386 1284 548 1343 fortunam.
583 1284 617 1341 ln
634 1291 766 1356 utroque
781 1284 892 1357 habes,
915 1287 999 1360 quod
1012 1295 1042 1346 te
1057 1299 1074 1349 2

65 1367 193 1429 diversa
213 1367 324 1428 virtute
344 1366 489 1426 delectet:
518 1367 592 1426 alter
611 1365 744 1426 honores
767 1368 916 1428 industria
933 1385 1041 1428 conse·

66 1457 157 1512 cutus
172 1459 233 1523 cst,
249 1452 325 1512 aiter
339 1451 494 1525 sapienter
509 1449 700 1524 contempsit.
734 1451 901 1526 adquiesco
916 1452 1041 1512 alterius

64 1535 120 1596 filil
136 1534 296 1609 dignitate,
313 1535 437 1594 alterius
453 1533 565 1609 quiete,
581 1534 875 1609 utriusquepietate.
896 1536 968 1595 novi
983 1537 1041 1595 lra-

64 1626 146 1679 trum
170 1634 308 1679 meorum
327 1619 448 1678 intimos
471 1619 623 1678 adlectus:
649 1618 776 1678 altario
791 1618 850 1680 hoc
865 1619 1042 1694 dignitatem

66 1702 193 1773 excolit,
212 1709 245 1762 ut
260 1701 312 1762 tibi
327 1709 504 1762 ornamento
520 1701 567 1774 sit,
585 1702 702 1760 alterio
718 1701 777 1761 hoc
793 1717 827 1762 se
842 1703 882 1761 ad
896 1703 1042 1779 tranquil·

66 1788 126 1846 lam
143 1784 338 1860 quietamque
355 1786 444 1846 vitam
461 1785 584 1861 recepit,
600 1793 632 1845 ut
646 1784 699 1845 tibi
712 1792 810 1845 vacet.
832 1785 915 1846 Bene
929 1787 1075 1852 liberoso

66 1875 136 1931 tuos
151 1877 181 1928 et
194 1870 224 1929 in
240 1868 384 1930 auxilium
397 1878 427 1929 et
438 1871 467 1928 in
481 1868 732 1930 oblectamentum
744 1870 864 1929 fortuna
876 1871 1042 1946 disposuit:

10 1963 19 2006 t
66 1961 156 2028 potes
172 1953 296 2013 alterius
311 1953 455 2028 dignitate
471 1953 608 2023 delendi,
626 1954 749 2013 alterius
766 1953 827 2014 otio
843 1955 909 2014 irui.
944 1964 1041 2015 certa·

10 2032 43 2091 ei
66 2035 141 2098 bunt
166 2039 196 2096 in
222 2044 252 2096 te
278 2036 388 2097 ciliciis
412 2037 554 2097 etunius
579 2035 765 2097 desiderium
786 2037 915 2099 duorum
930 2038 1042 2113 pietate

10 2125 44 2175 ts
64 2121 265 2198 supplebitur.
288 2122 443 2180 Audacter
457 2136 586 2194 possum
602 2121 785 2194 promittere,
799 2120 871 2180 nihil
880 2121 934 2180 tibi
946 2122 1044 2180 deerit

10 2214 43 2273 tt
61 2213 370 2282 praeternumerum.
405 2203 460 2263 Ab
481 2204 540 2263 his
563 2204 606 2262 ad
628 2210 791 2277 nepotes
813 2218 1074 2279 quoquere-4

15 2284 42 2341 ἕ
60 2287 191 2365 spice:
206 2287 687 2367 Marcumblandissimum
702 2302 875 2361 puerum,
894 2288 933 2347 ad
954 2288 1042 2360 cuius

10 2381 33 2424 ³
61 2379 267 2447 conspectum
291 2372 375 2431 nulla
394 2377 496 2445 potest
516 2370 627 2429 dirrare
646 2369 774 2430 tristitia.
810 2369 883 2430 nihil
903 2379 964 2431 tam
979 2386 1041 2429 ma-

10 2456 30 2537 li
58 2473 168 2533 gnum,
184 2455 258 2515 nihil
273 2463 336 2515 tam
348 2471 458 2515 recens
472 2453 503 2513 in
517 2454 698 2528 cuiusquam
709 2461 835 2529 pectore
848 2455 945 2527 luerit,
959 2456 1043 2530 quod

10 2545 27 2589 ti
59 2557 127 2601 non
144 2540 347 2599 circumtusus
359 2540 410 2598 ille
421 2539 617 2615 permulceat.
633 2537 724 2598 Cuius
735 2555 797 2598 non
809 2537 950 2599 lacrimas
962 2538 1073 2609 illius5

10 2629 26 2676 c
57 2625 202 2685 hilaritas
223 2625 415 2698 supprimat?
447 2621 534 2682 cuius
554 2621 824 2683 non'contractum
839 2623 1044 2685 sollicitudine

10 2715 19 2756 l
61 2707 200 2770 culmum
220 2706 301 2767 illius
323 2708 457 2780 argutiae
471 2708 612 2766 solvantt
642 2722 733 2782 quem
749 2724 809 2767 non
824 2709 854 2767 in
869 2708 956 2768 iocos
970 2723 1043 2768 evo-

10 2798 22 2841 l
63 2792 149 2854 cabit
168 2789 219 2846 illa
239 2790 388 2848 lasciviat
418 2804 508 2864 quem
527 2805 589 2848 non
603 2790 632 2848 in
649 2806 684 2849 se
696 2799 856 2855 convertet
870 2800 900 2851 et
913 2790 1044 2850 abducet

10 2883 16 2924 t
62 2876 194 2937 infixum
217 2869 450 2944 cogitationibus
471 2872 522 2929 illa
536 2872 691 2930 neminem
699 2874 847 2932 ‘satiatura
861 2872 1045 2946 garrulitas?

10 2968 22 3011 n
63 2963 149 3020 Deos
171 2970 242 3026 cru,
269 2954 425 3027 contingat
443 2953 525 3011 hunc
539 2952 653 3012 habere
667 2953 756 3013 nobis
772 2953 981 3029 superstitem:
1013 2956 1043 3013 in
1059 2959 1076 3012 6

10 3052 19 3096 t
64 3058 123 3102 me
136 3040 235 3101 omnis
251 3039 381 3097 latorum
398 3037 563 3097 crudelitas
579 3033 694 3096 lassata
709 3038 871 3098 consistat:
897 3037 1044 3113 quicquid

10 3121 27 3180 a
65 3126 153 3186 matri
169 3124 334 3184 dolendum
350 3122 417 3193 tuit,
441 3121 470 3179 in
486 3136 534 3179 me
549 3121 715 3195 transierit,
737 3120 884 3197 quicquid
897 3121 997 3196 aviae,
1013 3121 1044 3181 in

10 3223 26 3267 s
65 3226 125 3269 me.
157 3208 279 3270 Floreat
293 3205 410 3281 reliqua
425 3207 454 3265 in
471 3220 528 3265 suo
546 3213 625 3266 statu
640 3205 743 3265 turba:
766 3204 839 3265 nihil
855 3206 893 3265 de
906 3205 1043 3277 orbitate,

10 3309 35 3353 rr
66 3293 139 3353 nihil
159 3293 199 3352 dc
214 3292 395 3354 condicione
410 3306 478 3349 mea
495 3304 614 3364 querar.
639 3290 746 3349 luerim
762 3298 876 3350 tantum
892 3289 964 3348 nihil
981 3305 1043 3347 am·

10 3396 37 3438 n
66 3379 148 3453 plius
161 3376 310 3439 doliturae
323 3375 431 3436 domus
443 3375 636 3449 piamentum.
656 3374 757 3434 Tene
771 3373 806 3434 in
822 3373 965 3448 gremio
979 3380 1044 3432 tuo
1060 3378 1074 3431 7

10 3471 47 3525 ut
69 3463 145 3521 cito
161 3460 231 3520 tibi
247 3462 419 3520 daturam
435 3457 935 3535 pronepotesltovatlllam,
953 3471 1044 3531 quam

112 3562 210 3602 sanson
229 3565 297 3602 enin.
312 3549 332 3602 Ι.
847 3547 880 3604 17
