2378 3856
114 187 178 251 M)
315 189 350 247 L.
368 188 514 249 nunaut
535 187 714 249 SENECAE
734 188 837 251 ulae.
847 191 884 249 Χ.

87 339 284 415 sceptratus.
305 338 424 401 Audies
436 337 605 414 plerosque
616 338 772 399 dieentesa
785 336 1091 415 „aquinquasesimo

115 438 198 486 anno
209 424 240 483 in
252 422 345 485 otium
357 421 512 483 secedam.
533 421 747 496 sexagesimus
756 436 806 481 me
816 421 970 483 manusb
983 423 1092 485 ollloiis

116 507 274 569 dimittot“
308 513 340 566 et
359 520 450 581 quem
469 504 591 566 tandem
610 505 758 580 longioris
778 505 859 565 ultae
878 506 1030 581 praedem
1044 521 1091 567 ae·

117 591 215 666 cipist
237 590 306 666 quis
322 590 381 651 ista
395 589 475 649 sieut
488 589 628 663 disponis
643 590 688 649 ire
702 587 855 664 patieturl
876 603 941 650 non
957 590 1092 665 pudette

115 672 261 749 reliquias
279 672 359 734 vitae
380 672 434 735 tibi
453 688 613 733 reservare
633 679 664 733 et
684 672 718 733 id
740 673 838 733 solum
854 678 982 749 tempus
993 672 1092 736 bonae

116 758 208 819 menti
228 758 397 831 destinare,
428 756 513 831 quod
536 754 567 816 in
593 758 706 817 nullam
730 772 796 817 rem
816 757 952 817 ooalerrl
973 758 1092 833 possiti

116 856 209 916 quarn
229 856 331 903 serum
353 848 402 901 est
420 846 493 901 uma
512 840 618 901 vivere
631 840 782 915 ineipere,
803 855 873 899 cum
887 840 1090 901 desinendum

116 931 185 987 estl
206 939 286 999 quae
300 931 360 983 tum
377 922 469 983 stultu
486 924 677 984 mortalitatis
692 923 806 985 oblivio
823 924 855 983 in
871 923 1089 1000 quinquageri-

115 1023 197 1069 mum
211 1015 242 1068 et
255 1004 482 1080 sexagesimum
496 1022 608 1067 annum
619 1006 743 1067 differre
754 1022 831 1067 sana
841 1008 1014 1069 consiliaet
1023 1005 1090 1067 inde

114 1089 196 1151 velle
208 1089 302 1151 uitam
316 1088 480 1162 inchoare,
499 1106 563 1164 quo
578 1091 669 1165 pauci
684 1092 917 1165 perduxernnll

89 1182 101 1230 l
175 1173 229 1233 lv.
256 1171 548 1236 Potentissimis
573 1173 667 1234 etin
690 1174 807 1236 altuni
829 1174 1006 1236 sublatis
1027 1174 1088 1235 ho·

115 1256 283 1319 minibus
303 1257 448 1319 excidere
463 1272 557 1319 voces
574 1257 710 1330 ridebis,
733 1257 844 1334 quibus
862 1258 960 1319 ouum
977 1266 1088 1335 optent,

116 1341 255 1414 laudent,
276 1340 417 1402 omnibus
434 1341 524 1403 bonis
538 1339 605 1403 suis
618 1342 801 1416 praeierant
831 1343 961 1417 eupiunt
973 1340 1089 1404 interim

116 1440 155 1485 ex
176 1425 228 1484 illo
250 1424 372 1498 lastigie
393 1441 467 1499 suo,
487 1425 514 1486 si
531 1432 598 1487 tulo
611 1425 715 1498 beent,
737 1425 938 1486 descendere.
974 1442 1047 1487 nam
1060 1434 1089 1487 ut

116 1507 189 1568 nihil
209 1515 297 1569 extra
317 1508 451 1569 lacessat
468 1515 520 1569 aut
541 1508 672 1584 quatiat,
692 1512 723 1569 in
744 1524 780 1568 se
800 1510 871 1584 ipsa
882 1510 1012 1571 tortura
1023 1510 1087 1571 ruit

86 1592 211 1658 allinus
224 1593 394 1665 Augustus,
416 1591 467 1653 eui
478 1592 508 1651 di
518 1592 608 1666 plura
620 1608 711 1667 quam
723 1592 776 1659 ulli
788 1592 1017 1669 praestiterunt,
1031 1608 1088 1653 non

116 1673 208 1736 desiit
221 1675 352 1750 quietem
367 1676 425 1735 sibi
446 1677 566 1750 precari
580 1683 611 1737 et
623 1674 815 1737 vacationem
829 1693 849 1736 a
862 1676 1026 1753 republica
1038 1692 1088 1753 pe·

114 1766 188 1820 tere.
217 1758 315 1820 omnis
336 1758 403 1819 eius
417 1775 519 1820 sermo
532 1760 575 1820 ad
588 1760 649 1821 hoe
662 1775 786 1835 semper
799 1760 961 1823 revolutus
975 1769 1040 1835 est,
1058 1768 1089 1823 nt

115 1851 256 1917 speraret
274 1840 378 1903 otium.
413 1842 474 1904 boo
492 1842 616 1904 labores
637 1860 728 1915 suos,
751 1844 869 1905 etiamsi
890 1845 987 1919 laiso,
1010 1844 1088 1906 dulei

86 1932 214 1993 stamen
230 1925 403 1987 oblectabat
417 1926 541 1999 solatio,
559 1927 726 2003 aliquando
741 1943 777 1989 se
792 1926 945 1989 uicturum
957 1928 1028 1988 sibi.
1057 1929 1087 1987 ln

117 2010 250 2083 quadam
268 2008 309 2069 ad
329 2015 469 2071 senatum
490 2011 584 2071 missa
598 2013 743 2087 epistula,
766 2026 834 2071 oum
848 2012 989 2087 requiem
1004 2026 1087 2073 suam

115 2108 176 2155 non
193 2108 321 2157 vacuam
336 2094 403 2155 iore
416 2092 570 2169 dignitatis
584 2110 641 2155 neo
656 2095 789 2171 apriore
800 2095 899 2169 gioria
910 2095 1087 2172 discrepan-

115 2186 175 2239 tem
190 2177 345 2253 poliieitus
356 2186 455 2250 esset,
469 2178 547 2239 haee
557 2178 652 2239 rerba
662 2179 779 2239 inveni=
800 2179 1087 2256 &detestemu-

114 2264 221 2325 maur
244 2278 334 2338 quom
352 2265 487 2338 prandii
501 2271 633 2338 possum.
659 2278 706 2323 me
719 2270 817 2324 tornea
828 2264 940 2339 cupido
952 2266 1088 2340 umpan't

114 2348 289 2422 optatissimi
300 2347 532 2423 praeproperis,
547 2354 582 2407 ut
592 2350 731 2422 quoniam
744 2364 847 2409 return
859 2348 974 2407 inentia
984 2360 1087 2409 moro-

114 2436 164 2491 tur
176 2432 292 2503 edituo,
311 2434 497 2507 perciperem
507 2432 1006 2507 mumdrdaptotlsexoerbmam
1017 2432 1086 2493 dat-

85 2515 226 2578 ecedine.
254 2513 349 2573 Tanta
362 2514 431 2573 vlsa
444 2520 493 2573 est
505 2529 556 2575 res
571 2514 679 2589 odam,
702 2522 733 2575 ut
746 2513 844 2588 illam,
863 2513 937 2590 qula
950 2531 1012 2576 usu
1027 2528 1086 2576 non

113 2601 248 2668 poterat,
270 2596 454 2669 cogitatione
475 2604 695 2672 praesumeret
723 2599 776 2674 qui
793 2598 897 2661 omnia
910 2596 1087 2659 videbator

114 2691 150 2735 se
168 2692 230 2738 uno
252 2675 432 2752 pendentia,
456 2679 508 2754 qui
529 2679 703 2742 hominibus
715 2682 921 2757 gentibusque
936 2683 1087 2743 ronanam

114 2758 221 2833 dabat,
242 2760 326 2821 illum
339 2760 423 2822 diem
440 2762 625 2824 laetissimus
641 2765 807 2840 cogitabat,
829 2781 892 2843 quo
905 2764 1086 2841 magnitudi-

112 2856 182 2901 nem
197 2858 284 2905 snam
299 2852 435 2905 exueret.
463 2854 611 2923 expertus
624 2857 705 2924 erat,
719 2858 866 2925 quantum
878 2850 931 2910 illa
940 2848 1026 2911 bona
1034 2862 1089 2925 per

113 2926 213 2987 omnis
225 2934 323 2988 terras
339 2930 485 3005 fulgentia
498 2932 622 2994 sudoris
637 2932 858 3009 exprimerent,
876 2942 1024 3009 quantum
1036 2947 1085 2994 oo·

83 3007 261 3071 deditorum
281 3012 520 3076 sollicitudinum
540 3025 692 3091 tegerent:
719 3033 788 3080 curn
807 3017 928 3078 civibus
947 3018 1086 3094 primum,

112 3091 223 3154 deinde
245 3109 315 3154 eum
336 3097 479 3172 collegis,
506 3100 675 3162 novissime
695 3119 765 3164 euin
784 3101 937 3163 adfinibus
958 3106 1086 3162 eductus

113 3174 204 3237 annis
215 3176 382 3238 decernere
401 3183 476 3241 mari
491 3189 635 3258 terraque
649 3186 830 3260 sanguinem
842 3186 932 3246 ludltr
956 3199 1013 3261 per
1023 3183 1085 3243 lda-

115 3260 287 3334 oedoniam,
315 3261 464 3336 Siciliam,
490 3266 683 3343 Aegyptum,
712 3268 834 3347 Syriam
858 3270 1032 3343 Asiamque
1056 3273 1086 3327 et

115 3342 213 3405 omnis
233 3360 330 3421 prope
350 3360 424 3407 orus
441 3346 524 3406 bello
539 3349 742 3412 eiroumaetus
756 3353 895 3413 Romana
910 3352 1008 3413 eaede
1025 3351 1084 3409 las·

116 3445 169 3490 sos
185 3430 334 3493 exereitus
349 3431 389 3493 ad
404 3437 531 3493 externa
543 3430 626 3493 balla
639 3435 799 3495 convertit
823 3435 896 3494 dum
907 3436 1006 3510 Alpes
1020 3433 1083 3511 pla-

943 3726 1021 3808 ,ἢ
1058 3786 1064 3795 .
