2378 3856
109 190 173 253 ³02
394 189 427 246 L.
450 186 596 247 audam
617 180 792 247 SENECAE
1095 39 1112 293 Ι

111 342 284 405 Stoicorum
298 348 451 415 mquam
473 338 563 400 nimis
583 338 690 399 durem
710 346 741 399 et
753 340 878 401 minime
896 342 1083 419 principibus

111 426 298 502 regibusque
312 424 425 484 bonum
440 422 578 483 daturam
592 421 762 483 consilinm.
799 423 936 485 obicitur
955 426 1038 487 euim
1049 428 1085 487 ill

112 511 197 587 qnod
212 509 382 583 sapientem
397 512 489 581 neget
508 507 660 579 misereri,
682 514 776 582 negat
790 507 973 582 ignoscere
1009 510 1086 571 ilaec

111 612 138 654 sl
161 609 215 668 per
237 597 460 666 seponantur,
482 590 581 649 invisa
600 596 686 651 sune
709 590 852 651 videntur
872 592 959 653 enim
980 594 1086 655 nuum

112 694 200 753 spem
214 676 388 750 relinquere
399 673 538 734 humanis
552 674 721 746 amoribus,
736 674 793 733 sed
803 673 911 736 omniu
925 676 1042 739 delicta
1052 677 1086 737 ad

83 770 244 837 opoenom
261 759 425 820 deducere.
462 754 589 830 Quodsi
604 764 667 829 est,
691 756 798 832 quidni
818 760 931 832 [malsc
946 764 999 835 ab]
1016 760 1087 821 haec

114 845 254 916 scientia,
278 857 357 918 quae
377 839 539 901 dediscere
560 839 775 901 humanitatem
794 842 879 904 iubet
903 851 1088 921 portumque

114 930 266 988 adversus
281 927 430 986 lonunam
444 924 645 985 certissimum
660 932 762 986 mutuo
773 924 889 987 auxilio
901 928 1025 990 cluditl
1036 928 1085 991 sed

112 1014 196 1072 nullo
210 1016 295 1070 secta
311 1007 471 1081 benignior
491 1008 651 1083 leniorque
672 1015 735 1081 est,
757 1010 840 1070 nulle
860 1012 1021 1073 ementior
1039 1011 1085 1071 bo·

114 1096 226 1154 minum
242 1099 273 1151 et
285 1090 455 1151 communis
473 1089 544 1150 boni
562 1090 728 1165 adtentior,
747 1099 780 1152 ut
798 1092 871 1171 [cea]
892 1095 1086 1170 propositum

114 1178 153 1238 sil
167 1177 236 1239 usui
255 1190 326 1235 esse
341 1182 394 1234 aut
411 1175 540 1243 auxilio,
562 1190 619 1235 nec
634 1176 692 1235 sibi
707 1182 835 1248 tautum,
859 1178 920 1239 sed
934 1178 1085 1239 universis

84 1261 304 1336 lsingulisquo
319 1259 490 1319 consulere.
523 1258 734 1319 Misericordia
753 1267 802 1320 est
816 1261 983 1334 aegritudo
1000 1260 1086 1322 animi

115 1347 154 1407 ob
169 1346 335 1405 alienarum
352 1342 540 1402 miseriarum
555 1343 705 1418 speciem,
724 1351 775 1403 aut
789 1341 910 1405 tristitie
923 1360 966 1405 ex
981 1344 1085 1407 alienis

115 1429 203 1488 rnalis
215 1434 379 1499 contrecta,
392 1441 472 1500 quae
486 1426 626 1486 accidere
638 1427 855 1487 inmerentibus
866 1428 976 1492 credit.
991 1428 1086 1504 aegri-

115 1514 189 1573 tudo
205 1519 305 1571 autem
327 1510 356 1569 in
372 1510 540 1584 sapientem
561 1509 658 1570 viram
679 1526 740 1570 non
762 1509 853 1572 cadit.
886 1527 1004 1573 serene
1024 1515 1087 1573 mus

115 1612 202 1657 mens
217 1604 336 1656 estnec
352 1594 516 1669 quicquam
537 1593 671 1654 incidere
689 1601 804 1669 potest,
826 1595 913 1669 quod
930 1597 1015 1657 illem
1035 1596 1086 1657 ob·

117 1683 215 1742 ducat.
253 1679 388 1753 nihilque
408 1693 509 1752 aeque
528 1677 679 1738 bominem
702 1695 793 1753 quam
812 1693 943 1753 magnus
967 1680 1087 1739 animus

117 1766 219 1824 decet:
249 1779 308 1823 non
331 1767 552 1837 potestantem
572 1777 701 1836 magnus
721 1776 792 1822 esse
813 1761 895 1822 idem
920 1778 958 1824 oc
984 1768 1085 1824 notua

87 1851 237 1906 arrroeror
250 1846 408 1906 contundit
423 1851 554 1917 mentes,
571 1845 677 1919 obicit,
693 1844 851 1908 contrahit.
872 1846 942 1907 Hoc
955 1845 1086 1923 sapienti

117 1948 155 1990 ne
180 1931 208 1988 in
235 1930 300 1988 suis
327 1929 450 2002 quidem
478 1929 598 1988 occidet
623 1929 859 2001 calamitatibus,
881 1930 942 1991 sed
967 1945 1087 1992 omnem

116 2016 256 2074 fortunae
277 2013 350 2071 iram
371 2010 579 2071 reverberabit
596 2020 625 2071 et
639 2020 708 2072 ante
733 2027 769 2072 se
783 2013 913 2087 franget
948 2013 1085 2074 eamdem

117 2113 239 2172 semper
260 2095 367 2155 faciem
387 2095 538 2165 servabit,
559 2096 726 2169 placidam,
748 2097 985 2171 inconcussam,
1006 2096 1086 2173 quod

117 2184 218 2240 lacere
233 2196 293 2240 non
310 2185 432 2255 posset,
453 2177 479 2238 si
494 2177 644 2239 tristitiam
658 2178 819 2254 reciperet

88 2277 103 2329 1
176 2264 228 2322 Vl.
251 2263 349 2324 Adice
364 2263 447 2339 quod
463 2263 588 2337 sapiens
603 2261 746 2338 providet
756 2269 786 2322 el
802 2264 832 2322 in
848 2263 998 2338 expedito
1017 2279 1084 2326 con·

117 2350 216 2408 silium
231 2347 336 2407 babel:
358 2362 523 2420 numquam
539 2353 638 2406 autem
653 2345 801 2421 liquidum
816 2347 1038 2423 sincerumque
1051 2362 1087 2407 ex

116 2433 236 2492 turbido
254 2431 343 2490 venit.
380 2430 499 2490 tristitia
515 2429 657 2489 inhabilis
676 2437 724 2490 est
744 2428 783 2488 ad
798 2427 1015 2505 dispiciendas
1029 2446 1088 2504 res,

116 2514 200 2575 utilia
213 2511 432 2588 excogitanda,
456 2514 632 2587 periculosa
647 2513 785 2587 vitanda,
807 2529 908 2589 aequa
925 2516 1087 2576 aasumen-

117 2598 170 2656 daz
196 2612 270 2670 ergo
291 2612 351 2656 non
368 2597 541 2671 miseretur,
565 2595 636 2672 quia
650 2598 681 2657 id
696 2597 763 2657 sine
781 2595 905 2657 miseria
919 2596 1015 2659 animi
1028 2614 1088 2659 non

117 2682 159 2742 lit.
187 2687 289 2739 cetera
304 2678 405 2738 ornnia
424 2695 503 2754 quae
515 2685 594 2752 [eorl
611 2681 663 2754 qui
677 2681 871 2754 miserentur,
887 2682 961 2741 volo
977 2680 1090 2755 lacere,

88 2764 214 2830 alibens
230 2769 260 2823 et
274 2764 352 2823 altus
376 2761 475 2822 animo
491 2763 589 2822 faciet.
623 2762 786 2823 Succurret
809 2763 918 2824 alienis
943 2765 1088 2838 lacrimis,

117 2865 176 2908 non
192 2848 328 2908 accedet.
365 2844 448 2907 dabit
468 2863 589 2907 manum
610 2848 775 2922 naufrago,
800 2845 883 2907 exuli
908 2846 1088 2925 hospitium,

117 2933 216 3007 egenti
232 2933 356 3007 stipem,
373 2948 433 2991 non
449 2930 528 2991 hanc
543 2932 808 3004 contumeliosam,
824 2946 886 3006 qua
901 2946 979 3007 pars
994 2932 1091 2994 maior

117 3017 239 3087 horum,
264 3016 315 3091 qui
336 3030 371 3075 se
391 3015 605 3074 misericordes
623 3015 720 3075 videri
740 3016 863 3088 volunt,
883 3014 979 3077 abicit
996 3023 1029 3077 et
1046 3017 1089 3075 la·

117 3098 201 3159 stidit
216 3115 293 3175 quos
309 3099 433 3159 adiuvat
445 3098 641 3174 contingique
652 3099 691 3158 ab
703 3097 750 3159 his
762 3099 860 3172 timet,
875 3099 934 3159 sed
947 3106 985 3161 ut
997 3098 1090 3161 lromo

117 3181 230 3244 bomini
255 3198 292 3241 ex
317 3182 469 3243 communi
491 3182 582 3242 dabit.
626 3181 759 3243 Donabit
783 3180 916 3242 lacrimis
942 3183 1090 3244 maternis

117 3267 208 3326 filium
224 3272 254 3324 et
269 3273 391 3326 catenas
408 3264 487 3324 solvi
502 3266 617 3327 iubebit
633 3272 664 3325 et
677 3267 749 3326 ludo
771 3264 885 3326 eximet
903 3273 935 3326 et
955 3267 1091 3327 cadaver

117 3349 207 3410 etiam
223 3348 347 3409 noxium
362 3347 504 3424 sepeliet,
532 3350 588 3409 sed
612 3349 702 3410 laciet
722 3348 781 3409 ista
798 3349 964 3425 tranquilla
978 3357 1090 3424 mente,

85 3435 199 3494 svoltu
216 3448 282 3493 suo.
310 3433 392 3507 Ergo
411 3448 470 3491 non
487 3433 677 3493 miserebitur
688 3434 828 3509 sapiens,
844 3432 902 3494 sed
917 3440 1091 3508 succurret,
