2378 3856
156 184 218 247 136
344 185 378 245 L.
399 185 544 245 ANNAEI
564 184 739 245 SENECAE
760 186 861 246 DlAL.
883 186 938 247 Vl.

157 353 224 398 cum
257 337 379 396 videres
408 338 533 397 senilem
565 336 595 397 in
623 339 734 399 iuvene
759 339 961 416 prudentiam,
988 342 1139 405 victorem

157 422 288 482 omnium
306 421 493 495 voluptatum
508 421 649 495 animum,
664 423 864 498 emendatum,
879 430 1038 486 carentem
1054 427 1137 500 vitio,
1172 474 1176 481 .

157 505 276 565 divitias
292 503 359 564 sine
373 503 514 576 avaritia,
535 504 668 564 honores
682 506 749 565 sine
763 505 944 580 ambitione,
959 508 1138 585 voluptates
1154 519 1160 528 '

156 590 222 647 sine
237 586 357 647 luxuria
371 587 581 663 adpetentem,
603 588 655 647 diu
669 589 721 648 tibi
739 589 869 662 putabas
885 589 970 650 ilium
983 592 1136 669 sospitem

156 685 251 746 posse
276 671 473 745 contingeret
505 669 654 744 Quicquid
681 671 720 730 ad
742 687 891 732 summum
912 676 1071 753 pervenit,
1097 676 1137 736 ad

156 755 268 814 exitum
288 770 387 829 prope
407 760 464 814 est.
493 754 582 828 eripit
600 769 635 813 se
650 754 811 828 aufertque
825 769 863 813 ex
879 757 978 816 oeulis
994 758 1136 832 perlecta

158 839 267 911 virtus,
299 853 356 897 nee
375 835 511 897 ultimum
531 844 653 910 tempus
677 845 858 912 exspectant
878 840 1011 912 quaein
1034 842 1134 918 primo

126 928 373 983 ematuruerunt
399 918 482 993 Ignis
498 935 560 993 quo
575 920 686 978 clarior
699 920 797 994 iuisit,
813 920 902 982 citius
918 922 1135 999 exstinguitur.

157 1004 292 1063 vivacior
307 1009 364 1072 est,
381 1002 432 1076 qui
448 1018 517 1061 cum
531 1002 613 1061 lenta
628 1017 665 1061 ac
680 1002 796 1063 dilfieili
809 1004 935 1065 materia
946 1009 1135 1069 commissus

157 1088 303 1160 iumoque
318 1086 478 1146 demersus
493 1099 533 1143 ex
549 1084 676 1144 sordido
692 1087 781 1146 lucet.
799 1086 908 1147 eadem
922 1087 1005 1149 enirn
1020 1090 1136 1151 detinet

157 1185 252 1229 causa
266 1184 356 1245 quae,
371 1169 502 1244 maligne
516 1169 583 1229 ailtr
598 1168 644 1228 sio
659 1167 781 1243 ingenia
791 1187 852 1244 quo
863 1171 1050 1245 inlustriora,
1066 1173 1134 1234 bre

157 1254 243 1314 viora
261 1262 341 1313 suut.
374 1269 444 1313 nam
466 1252 516 1312 ubi
536 1252 722 1313 incremento
742 1254 829 1314 iocus
850 1263 988 1328 nonest,
1016 1257 1135 1317 vicinus

128 1339 144 1389 5
158 1352 291 1397 occasus
305 1344 361 1397 esi.
382 1336 537 1397 Fabianus
551 1337 607 1408 ait,
622 1336 653 1395 id
668 1337 750 1411 quod
766 1337 863 1396 nostri
880 1353 1009 1414 quoque
1026 1356 1133 1415 paren·

156 1430 203 1481 tes
224 1421 346 1495 videre,
373 1435 502 1494 puerum
523 1420 638 1480 Romae
661 1419 757 1479 luisse
777 1427 893 1481 statura
911 1423 1047 1497 ingentis
1069 1424 1135 1483 viri.

158 1504 214 1566 sed
229 1503 279 1563 hic
294 1502 354 1563 cito
370 1501 520 1575 decessit,
541 1511 571 1563 et
585 1519 645 1562 non
661 1503 838 1564 moriturum
854 1505 941 1564 brevi
955 1520 1048 1568 nemo
1064 1522 1133 1582 pru·

158 1588 235 1647 dens
250 1586 335 1646 dixit.
364 1602 425 1646 non
441 1592 559 1660 poterat
573 1586 652 1645 enirn
669 1586 708 1645 ad
722 1586 802 1646 iiiam
817 1595 947 1648 aetatem
962 1590 1133 1664 pervenire,

159 1687 249 1745 quum
267 1676 476 1745 praeceperat.
499 1669 543 1729 Ita
558 1677 619 1728 ests
641 1668 784 1730 indicium
800 1678 847 1730 est
861 1670 1037 1733 inminentis
1052 1672 1134 1733 exitii

158 1754 314 1814 maturitas
329 1761 359 1814 et
372 1753 489 1827 adpetit
503 1750 574 1812 ilnis
589 1752 641 1812 ubi
656 1753 840 1815 incrementa
855 1764 1042 1831 consumpta
1052 1761 1132 1817 sunt

130 1845 141 1894 1
208 1835 1134 1911 XXIV.incipevirtutibusilium,nonannisae·

159 1920 338 1981 stimare=
357 1920 457 1979 sutis
475 1920 540 1979 diu
556 1919 665 1979 vixit.
687 1920 823 1995 pupillus
837 1919 962 1981 relictus
979 1922 1041 1983 sub
1058 1931 1133 1985 tuto·

158 2023 224 2066 rum
242 2019 315 2066 cura
330 2019 431 2081 usque
452 2004 490 2066 od
515 2010 653 2081 quartum
675 2003 824 2065 decimum
844 2019 956 2065 annum
978 2005 1052 2079 luit,
1080 2005 1135 2067 sub

158 2091 262 2151 matris
278 2091 370 2150 tutela
393 2105 525 2165 semper.
552 2105 621 2149 eum
639 2088 766 2148 haberet
786 2104 862 2149 suos
878 2097 1023 2163 penates,
1045 2090 1134 2150 relin-

160 2190 254 2249 quere
278 2181 348 2235 tuos
374 2175 470 2235 noluit
490 2180 521 2233 et
540 2174 568 2231 in
590 2177 727 2231 materno
748 2172 963 2245 contubernio,
989 2189 1060 2234 cum
1087 2174 1136 2232 vix

160 2264 317 2333 paternum
333 2257 418 2318 liberi
435 2258 546 2328 ierant,
564 2255 781 2329 perseveravit.
809 2255 996 2315 adulescens
1011 2263 1136 2329 statura,

159 2341 397 2417 pulchritudine,
419 2347 521 2400 cetero
543 2339 681 2412 corporis
697 2338 809 2398 robore
829 2338 937 2400 castris
952 2345 1045 2402 natus
1061 2338 1134 2399 mill·

131 2426 230 2489 otiam
241 2425 402 2496 recusavit,
419 2439 458 2481 ne
469 2438 487 2481 a
498 2431 528 2482 te
540 2421 720 2480 discederet.
741 2421 888 2496 Computa,
902 2421 1029 2498 Marcia,
1045 2439 1137 2498 quam

159 2524 229 2565 raro
251 2506 364 2565 liberos
383 2504 508 2563 videant
528 2519 607 2576 quae
628 2503 657 2562 in
680 2503 809 2564 diversis
832 2504 975 2566 domibus
989 2505 1135 2567 habitant

161 2589 260 2661 cogita
279 2594 323 2647 tot
342 2587 411 2645 iilos
432 2584 533 2660 perire
553 2602 651 2646 annos
672 2586 818 2646 matribus
840 2595 870 2649 et
884 2603 941 2664 per
958 2588 1136 2651 sollicitudi-

161 2686 230 2729 nem
246 2669 340 2741 exigi,
368 2668 480 2742 quibus
497 2667 578 2727 iiiios
598 2669 627 2726 in
650 2669 786 2728 exercitu
803 2669 930 2732 habenta
958 2672 1042 2733 seles
1062 2674 1134 2733 mui-

160 2762 221 2812 tum
243 2753 379 2827 patuisse
402 2750 461 2810 hoc
483 2758 620 2826 tempus,
645 2767 683 2811 ex
706 2768 766 2828 quo
789 2753 830 2812 nii
848 2753 1021 2830 perdidisti.
1051 2772 1137 2816 num·

162 2852 251 2911 quam
278 2853 297 2895 a
319 2841 487 2910 conspectu
508 2842 560 2896 tuo
582 2836 719 2898 recessit.
753 2834 811 2897 sub
833 2836 930 2907 oculis
952 2836 1014 2898 tuis
1036 2837 1138 2900 studia

161 2920 300 2983 iormavit
318 2919 493 2979 excellentis
516 2919 628 2994 ingenii
649 2926 680 2980 et
699 2921 857 2996 aequaturi
876 2936 980 2996 avum,
1001 2919 1062 2983 nisi
1086 2920 1138 2982 ob

161 3004 289 3063 stitisset
313 3004 512 3077 verecundia,
541 3020 621 3078 quae
647 3006 807 3065 multorum
831 3003 989 3080 proiectus
1017 3006 1138 3066 silentio

131 3096 149 3152 a
161 3086 283 3161 pressit.
314 3088 508 3147 Adulescens
535 3086 709 3144 rarissimae
736 3088 852 3147 formae
879 3088 909 3147 in
937 3095 999 3148 tam
1028 3103 1139 3164 niagna

160 3167 338 3228 seminarum
362 3168 449 3228 turba
476 3166 559 3224 viros
585 3170 842 3241 corrumpentium
867 3169 979 3230 nuliius
1006 3188 1042 3232 se
1071 3170 1138 3247 spei

160 3251 314 3325 praebuit,
335 3257 366 3308 et
381 3264 448 3308 cum
464 3246 662 3320 quarumdam
675 3262 775 3322 usque
789 3252 829 3311 ad
843 3254 1053 3329 temptandum
1070 3270 1139 3331 per·

160 3334 297 3394 venisset
311 3328 494 3405 inprobitas,
521 3324 641 3385 erubuit
660 3332 748 3399 quasi
767 3344 945 3411 peccasset,
971 3339 1059 3412 quod
1076 3339 1140 3414 pia·

161 3423 274 3477 ouerat.
303 3414 360 3472 imo
381 3408 537 3470 sanctitate
558 3414 675 3466 morum
690 3409 805 3487 effecit,
831 3424 864 3475 ut
878 3434 957 3490 puer
970 3421 1139 3484 admodum
