2378 3856
168 219 223 283 AD
241 216 427 278 Marciam
448 216 499 276 DE
522 213 823 276 eorsotnrtorts.
848 224 933 278 2-4.
978 215 1039 280 115

62 378 243 447 gratumque
258 367 385 428 extremi
401 381 572 429 sennonem
594 367 656 427 oris
670 367 801 427 haurire.
827 369 919 442 longo
933 369 1040 429 itinere

61 452 210 529 reliquias
234 450 326 513 Drusi
357 451 405 510 sui
435 457 601 525 prosecuta
631 457 676 512 tot
699 467 754 525 per
779 466 901 511 omnem
925 452 1040 513 ltaliam

62 536 240 598 ardentibus
261 532 360 608 rogis,
382 534 471 608 quasi
494 534 603 594 totiens
624 533 708 594 illum
727 535 890 609 auritteret,
912 535 1041 609 inritata,

62 629 96 682 ut
115 621 245 695 primum
266 625 366 678 tamen
387 617 487 678 intulit
507 619 638 690 tumulo,
660 618 748 677 simut
769 625 800 677 et
814 618 896 678 illum
910 627 940 681 et
955 619 1040 680 doio·

60 720 128 765 rem
149 719 240 764 suum
259 701 377 776 posuit,
403 716 464 760 nec
482 701 552 776 pius
575 701 671 761 doluit
692 717 785 776 quam
805 709 857 761 aut
877 701 1040 763 honestum

62 796 129 848 erat
142 784 265 846 Caesari
279 793 331 846 aut
344 800 479 861 aequum
491 785 587 845 matri.
613 801 676 845 non
696 782 788 844 desiit
802 785 935 860 denique
949 786 1040 848 Drusi

61 871 112 932 sui
128 871 287 931 celebrare
296 884 425 944 nomen,
444 867 559 942 ubique
573 868 658 929 iilum
673 867 731 928 sibi
746 868 887 942 privatim
902 867 1039 944 publice·

62 969 125 1029 que
148 959 395 1029 repraesentare,
428 951 627 1012 libentissime
652 953 691 1012 de
715 951 766 1012 iilo
792 953 893 1027 loqui,
922 953 962 1012 de
987 951 1040 1012 iilo

63 1037 184 1098 audires
213 1051 281 1096 curn
300 1035 446 1097 memorie
464 1035 546 1096 dirus
567 1035 663 1108 viaet.
697 1040 797 1110 qoam]
823 1051 914 1096 nemo
937 1043 1041 1110 potest

59 1121 193 1180 retinere
217 1126 248 1180 et
266 1121 473 1192 frequentare,
500 1119 552 1194 qui
578 1118 660 1179 iiiam
679 1117 797 1178 tristem
817 1119 876 1179 sibi
897 1117 1039 1179 reddidit.

59 1205 148 1278 Elige
160 1202 275 1278 itaque,
288 1203 388 1263 uuum
403 1203 580 1276 exemptum
591 1209 682 1274 nutes
697 1200 903 1275 probabiliusz
924 1202 951 1261 si
965 1202 1068 1263 illude

61 1286 149 1362 prius
170 1287 259 1362 sequi
274 1287 344 1358 vis,
360 1283 469 1344 eximis
483 1293 513 1346 te
528 1299 654 1344 ntunero
669 1284 817 1343 vivorum.
845 1284 1040 1344 aversaberis

61 1379 92 1430 et
106 1370 224 1430 alienos
237 1369 353 1429 liberos
367 1375 396 1426 et
410 1375 488 1440 tuos,
504 1367 636 1442 ipsaque
648 1365 829 1427 desiderans
841 1366 927 1427 triste
939 1365 1040 1426 matri-

61 1455 122 1513 bus
148 1467 238 1512 omen
270 1466 446 1522 occurrere,
475 1452 648 1524 voluptates
673 1449 835 1523 honestas,
863 1450 1039 1525 permissas,

62 1547 218 1609 tamquam
243 1549 350 1608 parum
378 1533 508 1594 decoras
533 1535 674 1594 fortunae
697 1542 768 1595 tuae
788 1533 915 1606 reicias,
941 1533 1042 1595 inuisa

61 1617 206 1677 haerebis
227 1617 258 1677 in
277 1617 347 1677 tuce
368 1623 399 1676 et
412 1618 504 1677 aetati
523 1623 610 1691 tuae,
628 1617 712 1692 quod
734 1633 795 1677 non
818 1617 997 1694 praecipitet
1011 1625 1041 1677 te

65 1698 290 1777 quamprimum
309 1707 341 1775 ct
354 1700 453 1772 finiat,
473 1700 672 1762 intestissima
692 1700 767 1760 eris..
794 1701 878 1776 quod
899 1701 1039 1774 turnissi

62 1800 144 1844 mum
166 1782 447 1857 alienissimumque
473 1791 521 1843 est
539 1783 639 1844 animo
661 1792 714 1845 tuo
735 1785 766 1844 in
787 1783 945 1844 meliorem
967 1790 1039 1844 noto

62 1875 196 1943 partem,
212 1868 357 1928 ostendes
371 1873 401 1927 te
417 1867 630 1941 viveremus,
647 1867 802 1933 morinen
816 1883 921 1942 posse.
954 1866 1070 1931 Sitadt

62 1953 125 2010 hoc
138 1951 287 2011 maximae
308 1951 437 2011 feminae
456 1958 486 2010 te
506 1954 683 2027 exemplum·
699 1951 884 2027 adplicueris
900 1951 1039 2011 modera-

64 2035 125 2095 tius
137 2049 174 2092 ac
185 2032 296 2106 mitius,
311 2050 371 2095 non
385 2033 445 2092 aris
456 2033 487 2094 in
499 2037 650 2096 aerumnis
662 2051 720 2095 neo
730 2043 760 2095 te
771 2035 928 2095 tormentis
939 2049 1040 2093 mace-

64 2116 158 2179 rabis.
183 2131 262 2189 quae
276 2117 369 2188 enirn,
386 2117 507 2189 motum,
523 2119 653 2178 amentia
667 2124 715 2178 est
729 2134 846 2192 poenas
862 2132 930 2176 ase
944 2115 1039 2174 infeli·

65 2199 163 2259 citatis
185 2199 308 2271 exigere
332 2207 363 2258 et
383 2201 462 2258 maia
482 2207 539 2259 sua
560 2207 692 2273 augerer
724 2217 815 2275 quam
836 2201 866 2259 in
884 2200 964 2259 omni
981 2197 1042 2256 vita

65 2281 197 2342 servasti
218 2297 336 2342 morum
356 2280 537 2355 probitatem
551 2289 582 2342 et
595 2283 825 2355 verecundiam,
847 2281 877 2341 in
891 2282 949 2340 hac
965 2296 1041 2354 quo-

66 2381 176 2441 quere
192 2364 380 2438 praestabis:
403 2370 451 2424 est
470 2365 549 2425 euim
570 2366 721 2438 quaedam
742 2373 771 2424 et
792 2364 916 2425 dolendi
935 2364 1040 2422 mode-

65 2450 134 2509 stia.
161 2449 243 2507 iilum
259 2448 359 2522 ipsum
375 2446 532 2520 iuvenem,
552 2447 763 2521 dignissimum
779 2449 842 2524 [qui
853 2453 890 2519 te]
908 2447 1041 2522 quietam

65 2546 189 2607 semper
212 2532 384 2591 nominatus
417 2533 630 2606 cogitatusque
655 2531 759 2605 saciat,
791 2531 916 2592 meliore
943 2544 1039 2606 pones
1153 2559 1154 2563 =

64 2619 145 2688 loco,
160 2614 187 2673 si
201 2615 288 2689 matri
302 2631 378 2675 suae
393 2615 492 2690 qualis
508 2615 596 2675 vivus
612 2615 915 2689 solebathiiarisque
929 2623 1040 2680 etcum

63 2699 178 2774 gaudio
193 2699 332 2758 occurrit.

129 2781 180 2838 tv.
202 2780 265 2840 Noc
279 2788 309 2840 te
321 2781 360 2841 ad
375 2781 503 2841 tortiora
516 2781 625 2842 ducam
642 2789 815 2856 praecepta,
831 2789 864 2840 ut
874 2780 1039 2843 innumero
1052 2792 1067 2842 1.

64 2868 146 2924 serre
160 2863 291 2922 humana
306 2863 426 2922 iubeam
446 2864 554 2935 modo,
576 2871 610 2923 ut
629 2865 699 2938 ipso
722 2863 841 2922 funebri
862 2863 912 2921 die
933 2861 1040 2921 oeulos

63 2946 170 3006 matris
185 2945 349 3006 exsiccem.
381 2946 420 3003 ad
435 2945 579 3005 arbitrum
600 2951 701 3004 tecum
720 2944 856 3003 veniam:
882 2943 942 3002 hoc
963 2942 1041 3000 inter

64 3045 126 3089 nos
143 3037 322 3102 quaeratur,
344 3034 444 3085 utrum
458 3041 588 3100 magnus
603 3028 692 3087 dolor
706 3041 777 3086 esse
792 3026 955 3089 debeatur
970 3039 1040 3098 per·

63 3119 188 3188 petuus.
218 3126 279 3169 non
294 3109 398 3168 dubito
414 3109 486 3184 quin
504 3110 597 3170 Iuliae
610 3112 783 3183 Augustae,
808 3126 898 3184 quam
914 3107 1039 3168 familia·

63 3196 137 3254 riter
150 3192 279 3266 coluisti,
292 3191 389 3266 magis
401 3192 454 3252 tibi
466 3193 585 3266 placeat
595 3194 783 3269 exemplum:
796 3192 846 3252 illa
857 3199 887 3252 te
898 3193 937 3251 ad
951 3199 1068 3252 suurna

65 3277 227 3339 consilium
240 3283 339 3336 vocat.
360 3276 410 3334 illa
425 3277 455 3336 in
469 3276 568 3351 primo
583 3276 711 3351 fervore,
728 3292 796 3336 erim
810 3277 940 3335 maxime
954 3275 1038 3347 inpa-

64 3360 175 3420 tientes
195 3360 378 3434 ferocesque
399 3366 470 3421 sunt
487 3357 643 3429 miseriae,
669 3361 865 3436 conroborari
882 3364 924 3428 se]
943 3357 1035 3426 Areo,

65 3441 251 3518 philosopho
279 3443 335 3502 viri
361 3443 423 3517 sui,
449 3443 589 3518 praebuit
609 3452 638 3503 et
656 3446 780 3503 multum
809 3456 879 3556 earn
890 3455 953 3499 rem
969 3453 1040 3513 pro-
