2378 3856
130 195 171 258 68
418 194 452 252 l.
474 192 620 252 ΑΝΝΑΕΙ
643 189 819 253 SENECAE

99 346 206 420 abeat,
221 362 282 406 non
297 345 327 403 in
343 360 410 403 usu.
441 340 664 416 exprobrentur
677 341 719 401 illi
733 357 894 418 perperam
908 344 1004 405 lacta.
1041 345 1071 406 Ρι

128 429 234 490 tinebit
253 427 293 487 ad
312 442 376 485 rem
392 431 609 501 praeceptores
631 424 893 500 paedagogosque
915 429 1025 501 pueris
1048 446 1070 505 p

129 512 216 572 cidos
236 511 311 570 dari.
348 507 497 569 Proximis
516 508 686 583 adplicatur
701 523 791 569 omne
806 509 890 584 quod
906 517 1071 572 tenerum<

129 594 204 654 etin
219 608 325 653 eorum
339 591 564 652 similitudinem
579 589 698 651 crescit.
731 591 878 652 nutricum
900 599 932 652 et
950 596 1071 671 paedap

87 679 236 752 logorum
250 678 380 736 retulere
399 691 471 736 mox
484 674 515 734 in
530 673 769 736 adulescentiam
783 690 895 736 mores.
926 677 1024 752 Apud
1045 678 1071 739 P

128 767 229 820 toncm
245 760 392 820 educatus
408 774 485 837 puer
499 774 568 818 cum
582 758 622 818 ad
641 764 785 832 parentes
805 761 919 820 relatus
933 762 1071 822 vocifera

127 853 187 905 tem
202 844 320 903 videret
325 848 457 917 patrem:
473 840 845 916 „numquaminquitlroc
855 843 939 916 apud
949 843 1071 907 Platon«

127 928 219 988 vidi.“
258 941 319 985 non
335 925 439 985 dubito
457 923 529 998 quin
546 923 635 984 citius
652 932 768 999 patrem
791 923 924 984 imitatus
949 925 1071 1005 sibqur

84 1015 117 1068 11
126 1009 291 1070 Platonem.
323 1006 435 1067 Tenuis
456 1015 526 1067 ante
541 1008 643 1068 omnia
656 1007 755 1068 victus
771 1012 830 1080 [rit]
846 1015 877 1068 et
890 1024 952 1069 non
970 1012 1071 1085 pretio

126 1094 222 1152 vestis
237 1099 268 1152 et
281 1090 387 1152 similis
403 1092 501 1162 cultus
518 1107 586 1150 oum
601 1091 797 1165 aequalibus:
812 1108 874 1152 non
888 1092 1045 1155 irascetur
1058 1113 1071 1156 a

127 1191 218 1252 quem
233 1174 292 1234 sibi
307 1175 467 1249 conparari
489 1189 580 1249 quem
602 1174 639 1233 ab
653 1174 735 1234 initio
750 1175 850 1235 multis
866 1191 971 1249 parem
987 1178 1071 1239 lecer

99 1266 113 1319 l
186 1257 1071 1333 XXII.Sedbaeoadliberosnostrospertiner

126 1340 1063 1416 innobisquidemsorsnascendieteducation

125 1429 358 1487 vitiilocum
380 1440 449 1485 nec
470 1426 541 1485 iam
562 1425 767 1499 praecepti
783 1425 907 1484 habet.
941 1442 1068 1503 seque

96 1512 180 1571 alia
196 1509 412 1569 ordinanda
426 1517 525 1569 sunt.
554 1509 665 1568 Contra
678 1509 791 1582 primas
805 1509 908 1583 itaque
924 1525 1040 1572 causas
1056 1531 1071 1588 p

126 1608 221 1668 gnare
243 1591 406 1651 debemus=
433 1608 527 1651 causa
547 1599 646 1651 aulem
667 1592 843 1652 iracundiae
860 1594 964 1667 opinio
981 1595 1071 1656 iniuri

127 1682 183 1750 est,
200 1674 249 1736 oui
263 1691 325 1735 non
340 1675 429 1734 lacile
444 1675 629 1734 credendum
645 1683 700 1735 est.
723 1691 762 1735 ne
776 1677 891 1751 apertis
906 1679 1035 1752 quidem
1048 1697 1071 1739 rr

127 1759 309 1835 nilestisque
324 1757 424 1818 statim
437 1758 656 1818 accedendum.
686 1759 838 1831 quaedam
852 1760 932 1819 enim
949 1762 1032 1823 laisa
1047 1781 1071 1822 v·

99 1843 262 1918 especiem
278 1844 386 1902 lerunt.
418 1841 557 1902 Dandum
579 1857 701 1917 semper
723 1848 771 1902 est
792 1851 925 1918 tempus:
948 1847 1071 1906 veritat<

128 1927 194 1985 dies
209 1925 315 2000 aperit.
346 1927 390 1986 Ne
405 1924 467 1985 sint
480 1941 570 1986 aures
586 1925 812 1987 criminantibus
834 1926 955 1987 faciles:
976 1929 1071 1990 hoclr

126 2025 235 2069 manae
259 2015 384 2076 naturae
409 2008 513 2068 vitium
537 2018 715 2083 suspectum
743 2017 910 2086 notumque
940 2012 1036 2073 nobis
1064 2030 1071 2073 ι

128 2094 211 2168 quod
228 2108 307 2167 quae
321 2093 406 2152 inviti
421 2093 571 2166 audimus,
586 2092 714 2151 libenter
730 2093 881 2154 credimus
897 2101 928 2154 ct
942 2103 1071 2170 antequa

97 2175 312 2250 liudicemus,
339 2176 507 2237 irascimur.
551 2177 643 2250 Quid,
665 2176 748 2252 quod
769 2194 830 2237 non
845 2177 1071 2240 criminationib

126 2267 249 2336 tantum,
266 2261 323 2321 sed
338 2259 565 2337 suspicionibus
581 2261 752 2334 inpellimur
768 2267 798 2319 el
817 2276 856 2319 ex
870 2262 955 2322 voltu
978 2263 1071 2340 risuq

127 2345 226 2405 alieno
244 2346 349 2420 peiora
362 2344 550 2419 interpretati
564 2344 776 2404 innocentibus
792 2345 972 2405 irascimur?
1000 2347 1070 2423 llaq

126 2430 247 2501 agenda
267 2436 315 2488 est
334 2435 439 2488 contra
458 2445 493 2488 se
514 2444 609 2488 causa
628 2427 763 2488 absentis
784 2436 814 2489 et
834 2429 863 2486 in
885 2444 1045 2502 suspenso
1066 2432 1071 2490 i

126 2510 293 2569 retinenda.
308 2589 310 2593 Ι
326 2519 428 2584 potest
441 2511 520 2570 eninr
536 2527 637 2585 poena
651 2510 744 2570 dilata
758 2511 848 2587 exigi,
864 2528 925 2572 non
937 2520 1071 2586 potesta

129 2599 196 2652 acla
212 2595 360 2653 revocari.
527 2592 530 2597 ’

98 2676 112 2727 1
187 2675 291 2736 XXIII.
322 2676 419 2736 Notus
435 2681 482 2736 est
497 2677 546 2734 ille
559 2675 752 2752 tyrannicida
765 2677 817 2753 qui
829 2679 1000 2753 inperfecto
1012 2697 1071 2756 ope

127 2757 358 2834 conprehensus
376 2766 406 2819 et
419 2758 458 2818 ab
472 2759 585 2834 Hippia
602 2765 714 2832 tortus,
736 2769 769 2822 ul
789 2765 931 2822 conscios
946 2762 1071 2824 iudicer<

127 2843 348 2903 circumstantis
373 2843 488 2902 amicos
512 2842 635 2920 tyranni
660 2842 827 2905 nominavit
846 2845 1022 2920 quibusque
1044 2865 1071 2907 m

125 2925 208 2986 xime
227 2943 328 2986 caram
349 2929 477 2986 salutem
500 2925 566 2986 eius
589 2927 713 2986 sciebat.
756 2936 786 2988 et
802 2944 869 2988 cum
890 2928 940 2987 ille
955 2930 1071 3005 singul<

125 3015 159 3067 ut
173 3006 317 3070 nominati
332 3018 425 3084 erant,
443 3009 541 3070 occidi
555 3009 705 3081 iussisset,
713 3011 917 3086 interrogavit,
928 3013 1039 3088 ecquis
1056 3032 1071 3075 s

127 3099 287 3164 peressetl
325 3095 403 3164 ‚‚Tu,
429 3093 541 3166 inquit,
566 3094 667 3152 solus:
685 3095 835 3154 neminem
853 3096 1041 3157 animalium
1059 3115 1071 3158 o

127 3188 217 3233 carus
232 3190 320 3234 esses
331 3173 470 3249 reliqui.“
490 3173 599 3234 Effecit
612 3176 665 3250 ira
683 3185 716 3236 ut
730 3184 877 3253 tyrannus
892 3180 1071 3255 tyrannicid

126 3273 235 3317 manus
253 3257 503 3317 adcommodaret
517 3264 547 3318 et
560 3259 716 3333 praesidia
730 3277 787 3321 sua
800 3262 902 3336 gladio
921 3279 979 3323 suo
996 3266 1071 3324 caed

98 3340 180 3400 aret.
215 3340 331 3416 Quanto
347 3339 514 3400 animosius
528 3342 725 3402 Alexander?
746 3345 798 3419 qui
813 3361 881 3406 cnm
895 3344 1024 3421 legisset
1043 3364 1071 3424 eq

127 3426 236 3484 stulam
252 3425 373 3499 matris,
401 3442 462 3500 qua
482 3424 717 3501 admonebatur,
742 3436 774 3487 ul
794 3444 813 3488 a
833 3444 954 3490 veneno
974 3429 1071 3508 Philip

914 3562 919 3571 .
