<?xml version="1.0" encoding="UTF-8"?>
<!DOCTYPE html PUBLIC "-//W3C//DTD XHTML 1.0 Transitional//EN"
    "http://www.w3.org/TR/xhtml1/DTD/xhtml1-transitional.dtd">
<html xmlns="http://www.w3.org/1999/xhtml" xml:lang="en" lang="en">
 <head>
  <title>
</title>
<meta http-equiv="Content-Type" content="text/html;charset=utf-8" />
  <meta name='ocr-system' content='tesseract 3.04.00' />
  <meta name='ocr-capabilities' content='ocr_page ocr_carea ocr_par ocr_line ocrx_word'/>
</head>
<body>
  <div class='ocr_page' id='page_1' title='image "./lannaeisenecaeo03senegoog_0296.png"; bbox 0 0 2378 3856; ppageno 0'>
   <div class='ocr_carea' id='block_1_1' title="bbox 308 217 1061 284">
    <p class='ocr_par' dir='ltr' id='par_1_1' title="bbox 308 217 1061 284">
     <span class='ocr_line' id='line_1_1' title="bbox 308 217 1061 284; baseline 0.008 -8"><span class='ocrx_word' id='word_1_1' title='bbox 308 217 358 277; x_wconf 82' lang='lat' dir='ltr'><strong>DE</strong></span> <span class='ocrx_word' id='word_1_2' title='bbox 379 217 597 277; x_wconf 78' lang='lat' dir='ltr'><strong>CLEMENTIA</strong></span> <span class='ocrx_word' id='word_1_3' title='bbox 617 218 689 278; x_wconf 87' lang='lat' dir='ltr'><strong>LlB.</strong></span> <span class='ocrx_word' id='word_1_4' title='bbox 701 221 723 278; x_wconf 90' lang='lat'><strong>1.</strong></span> <span class='ocrx_word' id='word_1_5' title='bbox 747 218 843 281; x_wconf 79' lang='lat'><strong>1-3</strong></span> <span class='ocrx_word' id='word_1_6' title='bbox 998 219 1061 284; x_wconf 70' lang='lat'><strong>270</strong></span> 
     </span>
    </p>
   </div>
   <div class='ocr_carea' id='block_1_2' title="bbox 78 368 1133 3517">
    <p class='ocr_par' dir='ltr' id='par_1_2' title="bbox 90 368 1061 514">
     <span class='ocr_line' id='line_1_2' title="bbox 90 368 1061 444; baseline 0.001 -13"><span class='ocrx_word' id='word_1_7' title='bbox 90 371 256 431; x_wconf 86' lang='lat' dir='ltr'><strong>ducatur</strong></span> <span class='ocrx_word' id='word_1_8' title='bbox 282 369 444 442; x_wconf 80' lang='lat' dir='ltr'><strong>animus,</strong></span> <span class='ocrx_word' id='word_1_9' title='bbox 472 368 665 444; x_wconf 89' lang='lat' dir='ltr'><strong>quomodo</strong></span> <span class='ocrx_word' id='word_1_10' title='bbox 694 370 897 431; x_wconf 74' lang='lat' dir='ltr'><strong>confirmet</strong></span> <span class='ocrx_word' id='word_1_11' title='bbox 925 387 1003 431; x_wconf 89' lang='lat' dir='ltr'><strong>eam</strong></span> <span class='ocrx_word' id='word_1_12' title='bbox 1025 379 1061 432; x_wconf 80' lang='grc' dir='ltr'><strong>ιι</strong></span> 
     </span>
     <span class='ocr_line' id='line_1_3' title="bbox 90 450 439 514; baseline -0.009 -1"><span class='ocrx_word' id='word_1_13' title='bbox 90 466 163 514; x_wconf 86' lang='lat' dir='ltr'><strong>usu</strong></span> <span class='ocrx_word' id='word_1_14' title='bbox 184 467 288 511; x_wconf 87' lang='lat' dir='ltr'><strong>suam</strong></span> <span class='ocrx_word' id='word_1_15' title='bbox 311 450 439 511; x_wconf 83' lang='lat' dir='ltr'><strong>iaciat.</strong></span> 
     </span>
    </p>

    <p class='ocr_par' dir='ltr' id='par_1_3' title="bbox 78 496 1133 3517">
     <span class='ocr_line' id='line_1_4' title="bbox 153 496 1091 612; baseline 0.005 -19"><span class='ocrx_word' id='word_1_16' title='bbox 153 535 300 595; x_wconf 78' lang='lat' dir='ltr'><strong>Nullam</strong></span> <span class='ocrx_word' id='word_1_17' title='bbox 320 550 412 600; x_wconf 78' lang='lat' dir='ltr'><strong>vero</strong></span> <span class='ocrx_word' id='word_1_18' title='bbox 433 551 480 595; x_wconf 83' lang='lat' dir='ltr'><strong>ex</strong></span> <span class='ocrx_word' id='word_1_19' title='bbox 501 535 677 596; x_wconf 91' lang='lat' dir='ltr'><strong>omnibus</strong></span> <span class='ocrx_word' id='word_1_20' title='bbox 700 496 912 596; x_wconf 79' lang='lat' dir='ltr'><strong>virtutibus</strong></span> <span class='ocrx_word' id='word_1_21' title='bbox 939 536 1091 612; x_wconf 68' lang='lat' dir='ltr'><strong>magis,</strong></span> 
     </span>
     <span class='ocr_line' id='line_1_5' title="bbox 91 617 1058 694; baseline 0.003 -16"><span class='ocrx_word' id='word_1_22' title='bbox 91 617 233 678; x_wconf 90' lang='lat' dir='ltr'><strong>homini</strong></span> <span class='ocrx_word' id='word_1_23' title='bbox 259 618 485 692; x_wconf 86' lang='lat' dir='ltr'><strong>convenire,</strong></span> <span class='ocrx_word' id='word_1_24' title='bbox 522 634 603 679; x_wconf 93' lang='lat' dir='ltr'><strong>cum</strong></span> <span class='ocrx_word' id='word_1_25' title='bbox 629 619 681 679; x_wconf 88' lang='lat' dir='ltr'><strong>sit</strong></span> <span class='ocrx_word' id='word_1_26' title='bbox 709 619 815 678; x_wconf 88' lang='lat' dir='ltr'><strong>nulla</strong></span> <span class='ocrx_word' id='word_1_27' title='bbox 843 617 1058 694; x_wconf 81' lang='lat' dir='ltr'><strong>humanior,</strong></span> 
     </span>
     <span class='ocr_line' id='line_1_6' title="bbox 90 701 1059 777; baseline 0.002 -16"><span class='ocrx_word' id='word_1_28' title='bbox 90 706 248 762; x_wconf 88' lang='lat' dir='ltr'><strong>constet</strong></span> <span class='ocrx_word' id='word_1_29' title='bbox 276 716 441 760; x_wconf 89' lang='lat' dir='ltr'><strong>necesse</strong></span> <span class='ocrx_word' id='word_1_30' title='bbox 466 707 527 760; x_wconf 87' lang='lat' dir='ltr'><strong>est</strong></span> <span class='ocrx_word' id='word_1_31' title='bbox 551 716 613 760; x_wconf 91' lang='lat' dir='ltr'><strong>non</strong></span> <span class='ocrx_word' id='word_1_32' title='bbox 633 703 739 762; x_wconf 87' lang='lat' dir='ltr'><strong>solum</strong></span> <span class='ocrx_word' id='word_1_33' title='bbox 753 701 830 761; x_wconf 89' lang='lat' dir='ltr'><strong>mter</strong></span> <span class='ocrx_word' id='word_1_34' title='bbox 844 717 917 775; x_wconf 86' lang='lat' dir='ltr'><strong>nos,</strong></span> <span class='ocrx_word' id='word_1_35' title='bbox 939 702 995 777; x_wconf 89' lang='lat' dir='ltr'><strong>qui</strong></span> <span class='ocrx_word' id='word_1_36' title='bbox 1004 703 1059 764; x_wconf 89' lang='lat' dir='ltr'><strong>ho·</strong></span> 
     </span>
     <span class='ocr_line' id='line_1_7' title="bbox 90 783 1059 860; baseline 0.004 -18"><span class='ocrx_word' id='word_1_37' title='bbox 90 785 216 856; x_wconf 86' lang='lat' dir='ltr'>minem,</span> <span class='ocrx_word' id='word_1_38' title='bbox 245 785 360 844; x_wconf 88' lang='lat' dir='ltr'><strong>sociale</strong></span> <span class='ocrx_word' id='word_1_39' title='bbox 381 785 507 856; x_wconf 86' lang='lat' dir='ltr'><strong>animai,</strong></span> <span class='ocrx_word' id='word_1_40' title='bbox 532 784 687 846; x_wconf 81' lang='lat' dir='ltr'><strong>communi</strong></span> <span class='ocrx_word' id='word_1_41' title='bbox 705 783 787 845; x_wconf 89' lang='lat' dir='ltr'><strong>bonu</strong></span> <span class='ocrx_word' id='word_1_42' title='bbox 807 785 938 860; x_wconf 78' lang='lat' dir='ltr'><strong>genitum</strong></span> <span class='ocrx_word' id='word_1_43' title='bbox 961 785 1059 846; x_wconf 82' lang='lat' dir='ltr'><strong>videri</strong></span> 
     </span>
     <span class='ocr_line' id='line_1_8' title="bbox 89 867 1060 943; baseline 0.005 -18"><span class='ocrx_word' id='word_1_44' title='bbox 89 869 249 941; x_wconf 86' lang='lat' dir='ltr'><strong>volumus,</strong></span> <span class='ocrx_word' id='word_1_45' title='bbox 274 867 332 927; x_wconf 87' lang='lat' dir='ltr'><strong>sed</strong></span> <span class='ocrx_word' id='word_1_46' title='bbox 352 867 440 927; x_wconf 87' lang='lat' dir='ltr'><strong>etiam</strong></span> <span class='ocrx_word' id='word_1_47' title='bbox 463 868 643 941; x_wconf 87' lang='lat' dir='ltr'><strong>interillos,</strong></span> <span class='ocrx_word' id='word_1_48' title='bbox 667 868 719 942; x_wconf 88' lang='lat' dir='ltr'><strong>qni</strong></span> <span class='ocrx_word' id='word_1_49' title='bbox 739 867 892 929; x_wconf 89' lang='lat' dir='ltr'><strong>bominem</strong></span> <span class='ocrx_word' id='word_1_50' title='bbox 910 870 1060 943; x_wconf 80' lang='lat' dir='ltr'><strong>voluptati</strong></span> 
     </span>
     <span class='ocr_line' id='line_1_9' title="bbox 78 949 1060 1026; baseline 0.002 -16"><span class='ocrx_word' id='word_1_51' title='bbox 78 952 222 1022; x_wconf 83' lang='lat' dir='ltr'><strong>donarit,</strong></span> <span class='ocrx_word' id='word_1_52' title='bbox 238 963 368 1026; x_wconf 90' lang='lat' dir='ltr'><strong>quorum</strong></span> <span class='ocrx_word' id='word_1_53' title='bbox 382 951 484 1010; x_wconf 87' lang='lat' dir='ltr'><strong>omnia</strong></span> <span class='ocrx_word' id='word_1_54' title='bbox 495 950 579 1011; x_wconf 85' lang='lat' dir='ltr'><strong>diota</strong></span> <span class='ocrx_word' id='word_1_55' title='bbox 591 952 734 1026; x_wconf 81' lang='lat' dir='ltr'><strong>iactaque</strong></span> <span class='ocrx_word' id='word_1_56' title='bbox 745 951 788 1011; x_wconf 82' lang='lat' dir='ltr'><strong>ad</strong></span> <span class='ocrx_word' id='word_1_57' title='bbox 802 949 958 1013; x_wconf 71' lang='lat' dir='ltr'><strong>utilitatem</strong></span> <span class='ocrx_word' id='word_1_58' title='bbox 970 966 1060 1012; x_wconf 81' lang='lat' dir='ltr'><strong>suam</strong></span> 
     </span>
     <span class='ocr_line' id='line_1_10' title="bbox 90 1032 1061 1108; baseline 0.002 -15"><span class='ocrx_word' id='word_1_59' title='bbox 90 1039 246 1108; x_wconf 82' lang='lat' dir='ltr'><strong>spectant=</strong></span> <span class='ocrx_word' id='word_1_60' title='bbox 276 1046 346 1092; x_wconf 87' lang='lat' dir='ltr'><strong>uam</strong></span> <span class='ocrx_word' id='word_1_61' title='bbox 366 1034 392 1092; x_wconf 92' lang='lat' dir='ltr'><strong>si</strong></span> <span class='ocrx_word' id='word_1_62' title='bbox 414 1032 546 1108; x_wconf 84' lang='lat' dir='ltr'><strong>quietem</strong></span> <span class='ocrx_word' id='word_1_63' title='bbox 566 1035 642 1108; x_wconf 83' lang='lat' dir='ltr'><strong>parit</strong></span> <span class='ocrx_word' id='word_1_64' title='bbox 655 1042 685 1094; x_wconf 88' lang='lat' dir='ltr'><strong>et</strong></span> <span class='ocrx_word' id='word_1_65' title='bbox 699 1035 805 1108; x_wconf 86' lang='lat' dir='ltr'><strong>otium,</strong></span> <span class='ocrx_word' id='word_1_66' title='bbox 825 1034 906 1095; x_wconf 47' lang='lat' dir='ltr'><strong>‘hanc</strong></span> <span class='ocrx_word' id='word_1_67' title='bbox 919 1035 1061 1107; x_wconf 73' lang='lat' dir='ltr'><strong>virtutem</strong></span> 
     </span>
     <span class='ocr_line' id='line_1_11' title="bbox 90 1121 1059 1192; baseline 0.001 -16"><span class='ocrx_word' id='word_1_68' title='bbox 90 1124 217 1176; x_wconf 87' lang='lat' dir='ltr'><strong>naturae</strong></span> <span class='ocrx_word' id='word_1_69' title='bbox 236 1132 312 1176; x_wconf 87' lang='lat' dir='ltr'><strong>suae</strong></span> <span class='ocrx_word' id='word_1_70' title='bbox 326 1121 435 1176; x_wconf 86' lang='lat' dir='ltr'><strong>nactus</strong></span> <span class='ocrx_word' id='word_1_71' title='bbox 451 1124 511 1188; x_wconf 74' lang='lat' dir='ltr'><strong>est,</strong></span> <span class='ocrx_word' id='word_1_72' title='bbox 532 1128 615 1191; x_wconf 87' lang='lat' dir='ltr'><strong>quae</strong></span> <span class='ocrx_word' id='word_1_73' title='bbox 628 1130 736 1192; x_wconf 83' lang='lat' dir='ltr'><strong>pacem</strong></span> <span class='ocrx_word' id='word_1_74' title='bbox 751 1126 833 1178; x_wconf 85' lang='lat' dir='ltr'><strong>amat</strong></span> <span class='ocrx_word' id='word_1_75' title='bbox 844 1126 875 1178; x_wconf 87' lang='lat' dir='ltr'><strong>et</strong></span> <span class='ocrx_word' id='word_1_76' title='bbox 887 1134 996 1179; x_wconf 86' lang='lat' dir='ltr'><strong>manus</strong></span> <span class='ocrx_word' id='word_1_77' title='bbox 1011 1133 1059 1178; x_wconf 93' lang='lat' dir='ltr'><strong>re-</strong></span> 
     </span>
     <span class='ocr_line' id='line_1_12' title="bbox 89 1200 1091 1280; baseline 0.004 -22"><span class='ocrx_word' id='word_1_78' title='bbox 89 1201 174 1259; x_wconf 84' lang='lat' dir='ltr'><strong>tinet</strong></span> <span class='ocrx_word' id='word_1_79' title='bbox 215 1200 363 1266; x_wconf 84' lang='lat' dir='ltr'><strong>Nullum</strong></span> <span class='ocrx_word' id='word_1_80' title='bbox 400 1207 522 1280; x_wconf 83' lang='lat' dir='ltr'><strong>tamen</strong></span> <span class='ocrx_word' id='word_1_81' title='bbox 560 1200 767 1260; x_wconf 88' lang='lat' dir='ltr'><strong>clementia</strong></span> <span class='ocrx_word' id='word_1_82' title='bbox 804 1215 849 1259; x_wconf 83' lang='lat' dir='ltr'><strong>ex</strong></span> <span class='ocrx_word' id='word_1_83' title='bbox 882 1203 1091 1272; x_wconf 76' lang='lat' dir='ltr'><strong>omnibusa</strong></span> 
     </span>
     <span class='ocr_line' id='line_1_13' title="bbox 90 1283 1061 1357; baseline 0.001 -15"><span class='ocrx_word' id='word_1_84' title='bbox 90 1283 215 1356; x_wconf 81' lang='lat' dir='ltr'><strong>magis</strong></span> <span class='ocrx_word' id='word_1_85' title='bbox 243 1299 351 1357; x_wconf 87' lang='lat' dir='ltr'><strong>quam</strong></span> <span class='ocrx_word' id='word_1_86' title='bbox 378 1296 503 1356; x_wconf 84' lang='lat' dir='ltr'><strong>regem</strong></span> <span class='ocrx_word' id='word_1_87' title='bbox 531 1290 596 1343; x_wconf 86' lang='lat' dir='ltr'><strong>aut</strong></span> <span class='ocrx_word' id='word_1_88' title='bbox 621 1283 835 1357; x_wconf 83' lang='lat' dir='ltr'><strong>principem</strong></span> <span class='ocrx_word' id='word_1_89' title='bbox 862 1284 982 1345; x_wconf 89' lang='lat' dir='ltr'><strong>decet.</strong></span> <span class='ocrx_word' id='word_1_90' title='bbox 1019 1285 1061 1344; x_wconf 88' lang='lat' dir='ltr'><strong>ita</strong></span> 
     </span>
     <span class='ocr_line' id='line_1_14' title="bbox 89 1365 1059 1446; baseline 0.003 -22"><span class='ocrx_word' id='word_1_91' title='bbox 89 1367 171 1425; x_wconf 91' lang='lat' dir='ltr'><strong>enim</strong></span> <span class='ocrx_word' id='word_1_92' title='bbox 191 1382 319 1440; x_wconf 83' lang='lat' dir='ltr'><strong>magnae</strong></span> <span class='ocrx_word' id='word_1_93' title='bbox 341 1365 421 1424; x_wconf 87' lang='lat' dir='ltr'><strong>vires</strong></span> <span class='ocrx_word' id='word_1_94' title='bbox 442 1366 546 1424; x_wconf 91' lang='lat' dir='ltr'><strong>decori</strong></span> <span class='ocrx_word' id='word_1_95' title='bbox 563 1366 739 1440; x_wconf 79' lang='lat' dir='ltr'><strong>gloriaeque</strong></span> <span class='ocrx_word' id='word_1_96' title='bbox 754 1373 840 1446; x_wconf 63' lang='lat' dir='ltr'><strong>sura,</strong></span> <span class='ocrx_word' id='word_1_97' title='bbox 862 1367 889 1425; x_wconf 86' lang='lat' dir='ltr'><strong>si</strong></span> <span class='ocrx_word' id='word_1_98' title='bbox 904 1366 965 1426; x_wconf 85' lang='lat' dir='ltr'><strong>illis·</strong></span> <span class='ocrx_word' id='word_1_99' title='bbox 979 1366 1059 1427; x_wconf 90' lang='lat' dir='ltr'><strong>salu·</strong></span> 
     </span>
     <span class='ocr_line' id='line_1_15' title="bbox 89 1447 1059 1524; baseline 0.001 -17"><span class='ocrx_word' id='word_1_100' title='bbox 89 1449 164 1508; x_wconf 88' lang='lat' dir='ltr'><strong>taris</strong></span> <span class='ocrx_word' id='word_1_101' title='bbox 180 1449 314 1523; x_wconf 88' lang='lat' dir='ltr'><strong>potentia</strong></span> <span class='ocrx_word' id='word_1_102' title='bbox 330 1456 385 1508; x_wconf 88' lang='lat' dir='ltr'><strong>est.</strong></span> <span class='ocrx_word' id='word_1_103' title='bbox 408 1465 477 1507; x_wconf 91' lang='lat' dir='ltr'><strong>nam</strong></span> <span class='ocrx_word' id='word_1_104' title='bbox 493 1447 638 1524; x_wconf 83' lang='lat' dir='ltr'><strong>pestilera</strong></span> <span class='ocrx_word' id='word_1_105' title='bbox 653 1449 699 1508; x_wconf 93' lang='lat' dir='ltr'><strong>vis</strong></span> <span class='ocrx_word' id='word_1_106' title='bbox 712 1455 761 1509; x_wconf 88' lang='lat' dir='ltr'><strong>est</strong></span> <span class='ocrx_word' id='word_1_107' title='bbox 773 1451 877 1509; x_wconf 76' lang='lat' dir='ltr'><strong>valere</strong></span> <span class='ocrx_word' id='word_1_108' title='bbox 891 1449 931 1509; x_wconf 86' lang='lat' dir='ltr'><strong>ad</strong></span> <span class='ocrx_word' id='word_1_109' title='bbox 946 1464 1059 1511; x_wconf 90' lang='lat' dir='ltr'><strong>nocen-</strong></span> 
     </span>
     <span class='ocr_line' id='line_1_16' title="bbox 91 1532 1057 1609; baseline 0.002 -18"><span class='ocrx_word' id='word_1_110' title='bbox 91 1533 174 1592; x_wconf 90' lang='lat' dir='ltr'><strong>dum.</strong></span> <span class='ocrx_word' id='word_1_111' title='bbox 209 1533 292 1593; x_wconf 90' lang='lat' dir='ltr'><strong>Illius</strong></span> <span class='ocrx_word' id='word_1_112' title='bbox 311 1533 434 1593; x_wconf 86' lang='lat' dir='ltr'><strong>domum</strong></span> <span class='ocrx_word' id='word_1_113' title='bbox 454 1533 630 1607; x_wconf 77' lang='lat' dir='ltr'><strong>magnitudo</strong></span> <span class='ocrx_word' id='word_1_114' title='bbox 651 1532 768 1592; x_wconf 84' lang='lat' dir='ltr'><strong>stabilis</strong></span> <span class='ocrx_word' id='word_1_115' title='bbox 791 1533 977 1609; x_wconf 80' lang='lat' dir='ltr'><strong>fundataque</strong></span> <span class='ocrx_word' id='word_1_116' title='bbox 1001 1541 1057 1605; x_wconf 84' lang='lat' dir='ltr'><strong>est,</strong></span> 
     </span>
     <span class='ocr_line' id='line_1_17' title="bbox 91 1617 1058 1690; baseline 0 -14"><span class='ocrx_word' id='word_1_117' title='bbox 91 1631 183 1689; x_wconf 90' lang='lat' dir='ltr'><strong>quem</strong></span> <span class='ocrx_word' id='word_1_118' title='bbox 197 1632 305 1676; x_wconf 87' lang='lat' dir='ltr'><strong>omnes</strong></span> <span class='ocrx_word' id='word_1_119' title='bbox 318 1624 378 1682; x_wconf 86' lang='lat' dir='ltr'><strong>tam</strong></span> <span class='ocrx_word' id='word_1_120' title='bbox 393 1630 487 1690; x_wconf 86' lang='lat' dir='ltr'><strong>supra</strong></span> <span class='ocrx_word' id='word_1_121' title='bbox 498 1631 532 1674; x_wconf 89' lang='lat' dir='ltr'><strong>se</strong></span> <span class='ocrx_word' id='word_1_122' title='bbox 544 1631 615 1676; x_wconf 87' lang='lat' dir='ltr'><strong>esse</strong></span> <span class='ocrx_word' id='word_1_123' title='bbox 627 1631 718 1690; x_wconf 84' lang='lat' dir='ltr'><strong>quam</strong></span> <span class='ocrx_word' id='word_1_124' title='bbox 731 1632 788 1690; x_wconf 88' lang='lat' dir='ltr'><strong>pro</strong></span> <span class='ocrx_word' id='word_1_125' title='bbox 799 1632 835 1676; x_wconf 84' lang='lat' dir='ltr'><strong>sa</strong></span> <span class='ocrx_word' id='word_1_126' title='bbox 847 1617 955 1689; x_wconf 77' lang='lat' dir='ltr'><strong>sciunt,</strong></span> <span class='ocrx_word' id='word_1_127' title='bbox 971 1617 1058 1676; x_wconf 88' lang='lat' dir='ltr'><strong>cuius</strong></span> 
     </span>
     <span class='ocr_line' id='line_1_18' title="bbox 90 1698 1060 1779; baseline 0.001 -21"><span class='ocrx_word' id='word_1_128' title='bbox 90 1708 195 1760; x_wconf 84' lang='lat' dir='ltr'><strong>curam</strong></span> <span class='ocrx_word' id='word_1_129' title='bbox 207 1700 360 1759; x_wconf 84' lang='lat' dir='ltr'><strong>excubare</strong></span> <span class='ocrx_word' id='word_1_130' title='bbox 370 1716 427 1774; x_wconf 89' lang='lat' dir='ltr'><strong>pro</strong></span> <span class='ocrx_word' id='word_1_131' title='bbox 440 1700 539 1758; x_wconf 87' lang='lat' dir='ltr'><strong>saluta</strong></span> <span class='ocrx_word' id='word_1_132' title='bbox 549 1698 738 1774; x_wconf 81' lang='lat' dir='ltr'><strong>singulorum</strong></span> <span class='ocrx_word' id='word_1_133' title='bbox 745 1705 836 1773; x_wconf 87' lang='lat' dir='ltr'><strong>atquc</strong></span> <span class='ocrx_word' id='word_1_134' title='bbox 846 1700 1060 1779; x_wconf 79' lang='lat' dir='ltr'><strong>universorum</strong></span> 
     </span>
     <span class='ocr_line' id='line_1_19' title="bbox 90 1782 1060 1858; baseline -0.002 -16"><span class='ocrx_word' id='word_1_135' title='bbox 90 1782 203 1844; x_wconf 87' lang='lat' dir='ltr'><strong>cotidie</strong></span> <span class='ocrx_word' id='word_1_136' title='bbox 213 1782 418 1858; x_wconf 85' lang='lat' dir='ltr'><strong>experiuntur,</strong></span> <span class='ocrx_word' id='word_1_137' title='bbox 431 1799 491 1856; x_wconf 91' lang='lat' dir='ltr'><strong>quo</strong></span> <span class='ocrx_word' id='word_1_138' title='bbox 503 1783 771 1856; x_wconf 68' lang='lat' dir='ltr'><strong>procedentem,</strong></span> <span class='ocrx_word' id='word_1_139' title='bbox 784 1790 937 1856; x_wconf 87' lang='lat' dir='ltr'><strong>tamquam</strong></span> <span class='ocrx_word' id='word_1_140' title='bbox 947 1783 1060 1840; x_wconf 87' lang='lat' dir='ltr'><strong>molum</strong></span> 
     </span>
     <span class='ocr_line' id='line_1_20' title="bbox 89 1864 1059 1941; baseline 0.001 -16"><span class='ocrx_word' id='word_1_141' title='bbox 89 1865 217 1940; x_wconf 83' lang='lat' dir='ltr'><strong>aliquod</strong></span> <span class='ocrx_word' id='word_1_142' title='bbox 232 1873 284 1926; x_wconf 88' lang='lat' dir='ltr'><strong>aut</strong></span> <span class='ocrx_word' id='word_1_143' title='bbox 296 1867 421 1927; x_wconf 86' lang='lat' dir='ltr'><strong>noxium</strong></span> <span class='ocrx_word' id='word_1_144' title='bbox 436 1864 545 1926; x_wconf 89' lang='lat' dir='ltr'><strong>animal</strong></span> <span class='ocrx_word' id='word_1_145' title='bbox 561 1882 579 1924; x_wconf 91' lang='lat' dir='ltr'><strong>e</strong></span> <span class='ocrx_word' id='word_1_146' title='bbox 594 1865 685 1927; x_wconf 86' lang='lat' dir='ltr'><strong>cubili</strong></span> <span class='ocrx_word' id='word_1_147' title='bbox 699 1864 872 1941; x_wconf 81' lang='lat' dir='ltr'><strong>prosilierit,</strong></span> <span class='ocrx_word' id='word_1_148' title='bbox 890 1864 1059 1940; x_wconf 75' lang='lat' dir='ltr'><strong>diffugiunt,</strong></span> 
     </span>
     <span class='ocr_line' id='line_1_21' title="bbox 90 1948 1097 2024; baseline -0.001 -16"><span class='ocrx_word' id='word_1_149' title='bbox 90 1949 152 2008; x_wconf 87' lang='lat' dir='ltr'><strong>sad</strong></span> <span class='ocrx_word' id='word_1_150' title='bbox 166 1955 318 2024; x_wconf 81' lang='lat' dir='ltr'><strong>tamquam</strong></span> <span class='ocrx_word' id='word_1_151' title='bbox 337 1950 376 2008; x_wconf 86' lang='lat' dir='ltr'><strong>ad</strong></span> <span class='ocrx_word' id='word_1_152' title='bbox 391 1951 505 2009; x_wconf 87' lang='lat' dir='ltr'><strong>clarum</strong></span> <span class='ocrx_word' id='word_1_153' title='bbox 520 1965 557 2009; x_wconf 90' lang='lat' dir='ltr'><strong>ac</strong></span> <span class='ocrx_word' id='word_1_154' title='bbox 569 1950 739 2010; x_wconf 87' lang='lat' dir='ltr'><strong>beneficum</strong></span> <span class='ocrx_word' id='word_1_155' title='bbox 753 1948 842 2010; x_wconf 88' lang='lat' dir='ltr'><strong>sidus</strong></span> <span class='ocrx_word' id='word_1_156' title='bbox 855 1949 991 2009; x_wconf 85' lang='lat' dir='ltr'><strong>certatim</strong></span> <span class='ocrx_word' id='word_1_157' title='bbox 1006 1948 1058 2007; x_wconf 90' lang='lat' dir='ltr'><strong>ad·</strong></span> <span class='ocrx_word' id='word_1_158' title='bbox 1096 1973 1097 1976; x_wconf 37' lang='lat'>¹</span> 
     </span>
     <span class='ocr_line' id='line_1_22' title="bbox 89 2032 1059 2108; baseline -0.001 -17"><span class='ocrx_word' id='word_1_159' title='bbox 89 2033 208 2105; x_wconf 88' lang='lat' dir='ltr'><strong>volant,</strong></span> <span class='ocrx_word' id='word_1_160' title='bbox 236 2033 358 2092; x_wconf 90' lang='lat' dir='ltr'><strong>obicere</strong></span> <span class='ocrx_word' id='word_1_161' title='bbox 378 2048 414 2093; x_wconf 87' lang='lat' dir='ltr'><strong>se</strong></span> <span class='ocrx_word' id='word_1_162' title='bbox 433 2048 490 2108; x_wconf 91' lang='lat' dir='ltr'><strong>pro</strong></span> <span class='ocrx_word' id='word_1_163' title='bbox 506 2032 557 2093; x_wconf 92' lang='lat' dir='ltr'><strong>illo</strong></span> <span class='ocrx_word' id='word_1_164' title='bbox 572 2033 769 2094; x_wconf 81' lang='lat' dir='ltr'><strong>mucronibus</strong></span> <span class='ocrx_word' id='word_1_165' title='bbox 784 2032 990 2093; x_wconf 83' lang='lat' dir='ltr'><strong>insidiantium</strong></span> <span class='ocrx_word' id='word_1_166' title='bbox 1005 2048 1059 2106; x_wconf 85' lang='lat' dir='ltr'><strong>pa·</strong></span> 
     </span>
     <span class='ocr_line' id='line_1_23' title="bbox 88 2113 1060 2191; baseline 0.001 -17"><span class='ocrx_word' id='word_1_167' title='bbox 88 2115 234 2175; x_wconf 78' lang='lat' dir='ltr'><strong>rarissimi</strong></span> <span class='ocrx_word' id='word_1_168' title='bbox 256 2124 286 2176; x_wconf 88' lang='lat' dir='ltr'><strong>et</strong></span> <span class='ocrx_word' id='word_1_169' title='bbox 306 2115 500 2176; x_wconf 85' lang='lat' dir='ltr'><strong>substernere</strong></span> <span class='ocrx_word' id='word_1_170' title='bbox 522 2132 653 2191; x_wconf 87' lang='lat' dir='ltr'><strong>corpora</strong></span> <span class='ocrx_word' id='word_1_171' title='bbox 667 2133 737 2190; x_wconf 88' lang='lat' dir='ltr'><strong>sua,</strong></span> <span class='ocrx_word' id='word_1_172' title='bbox 760 2116 786 2176; x_wconf 89' lang='lat' dir='ltr'><strong>si</strong></span> <span class='ocrx_word' id='word_1_173' title='bbox 802 2131 857 2190; x_wconf 88' lang='lat' dir='ltr'><strong>per</strong></span> <span class='ocrx_word' id='word_1_174' title='bbox 871 2121 1003 2188; x_wconf 81' lang='lat' dir='ltr'><strong>stragem</strong></span> <span class='ocrx_word' id='word_1_175' title='bbox 1016 2113 1060 2175; x_wconf 91' lang='lat' dir='ltr'><strong>ilii</strong></span> 
     </span>
     <span class='ocr_line' id='line_1_24' title="bbox 81 2197 1059 2260; baseline 0 -2"><span class='ocrx_word' id='word_1_176' title='bbox 81 2199 253 2259; x_wconf 85' lang='lat' dir='ltr'><strong>humanam</strong></span> <span class='ocrx_word' id='word_1_177' title='bbox 273 2199 336 2259; x_wconf 88' lang='lat' dir='ltr'><strong>iter·</strong></span> <span class='ocrx_word' id='word_1_178' title='bbox 349 2201 388 2260; x_wconf 89' lang='lat' dir='ltr'><strong>ad</strong></span> <span class='ocrx_word' id='word_1_179' title='bbox 410 2201 537 2259; x_wconf 85' lang='lat' dir='ltr'><strong>salubem</strong></span> <span class='ocrx_word' id='word_1_180' title='bbox 558 2199 734 2259; x_wconf 87' lang='lat' dir='ltr'><strong>struendum</strong></span> <span class='ocrx_word' id='word_1_181' title='bbox 755 2198 804 2258; x_wconf 88' lang='lat' dir='ltr'><strong>sit.</strong></span> <span class='ocrx_word' id='word_1_182' title='bbox 832 2210 973 2258; x_wconf 85' lang='lat' dir='ltr'><strong>somnum</strong></span> <span class='ocrx_word' id='word_1_183' title='bbox 992 2197 1059 2258; x_wconf 87' lang='lat' dir='ltr'><strong>eius</strong></span> 
     </span>
     <span class='ocr_line' id='line_1_25' title="bbox 89 2281 1133 2365; baseline -0.001 -23"><span class='ocrx_word' id='word_1_184' title='bbox 89 2283 248 2344; x_wconf 73' lang='lat' dir='ltr'><strong>nocturnis</strong></span> <span class='ocrx_word' id='word_1_185' title='bbox 263 2282 401 2343; x_wconf 81' lang='lat' dir='ltr'><strong>excubiis</strong></span> <span class='ocrx_word' id='word_1_186' title='bbox 416 2282 561 2342; x_wconf 84' lang='lat' dir='ltr'><strong>muniunt</strong></span> <span class='ocrx_word' id='word_1_187' title='bbox 588 2284 684 2342; x_wconf 82' lang='lat' dir='ltr'><strong>latera</strong></span> <span class='ocrx_word' id='word_1_188' title='bbox 698 2281 807 2342; x_wconf 87' lang='lat' dir='ltr'><strong>obiecti</strong></span> <span class='ocrx_word' id='word_1_189' title='bbox 822 2281 1060 2355; x_wconf 75' lang='lat' dir='ltr'><strong>circumfusique</strong></span> <span class='ocrx_word' id='word_1_190' title='bbox 1128 2357 1133 2365; x_wconf 92' lang='lat'>.</span> 
     </span>
     <span class='ocr_line' id='line_1_26' title="bbox 89 2363 1091 2442; baseline -0.004 -16"><span class='ocrx_word' id='word_1_191' title='bbox 89 2367 266 2427; x_wconf 86' lang='lat' dir='ltr'><strong>defenduut.</strong></span> <span class='ocrx_word' id='word_1_192' title='bbox 287 2366 511 2427; x_wconf 87' lang='lat' dir='ltr'><strong>incurrentibus</strong></span> <span class='ocrx_word' id='word_1_193' title='bbox 526 2366 670 2442; x_wconf 84' lang='lat' dir='ltr'><strong>periculis</strong></span> <span class='ocrx_word' id='word_1_194' title='bbox 685 2373 720 2425; x_wconf 84' lang='lat' dir='ltr'><strong>se</strong></span> <span class='ocrx_word' id='word_1_195' title='bbox 735 2371 905 2439; x_wconf 84' lang='lat' dir='ltr'><strong>opponunt.</strong></span> <span class='ocrx_word' id='word_1_196' title='bbox 932 2364 999 2424; x_wconf 89' lang='lat' dir='ltr'><strong>Non</strong></span> <span class='ocrx_word' id='word_1_197' title='bbox 1010 2363 1059 2423; x_wconf 88' lang='lat' dir='ltr'><strong>hic</strong></span> <span class='ocrx_word' id='word_1_198' title='bbox 1073 2378 1091 2431; x_wconf 83' lang='lat'>4</span> 
     </span>
     <span class='ocr_line' id='line_1_27' title="bbox 89 2447 1058 2524; baseline -0.002 -16"><span class='ocrx_word' id='word_1_199' title='bbox 89 2457 139 2509; x_wconf 85' lang='lat' dir='ltr'><strong>est</strong></span> <span class='ocrx_word' id='word_1_200' title='bbox 158 2451 224 2509; x_wconf 89' lang='lat' dir='ltr'><strong>sine</strong></span> <span class='ocrx_word' id='word_1_201' title='bbox 238 2449 355 2511; x_wconf 88' lang='lat' dir='ltr'><strong>ratione</strong></span> <span class='ocrx_word' id='word_1_202' title='bbox 370 2450 493 2524; x_wconf 90' lang='lat' dir='ltr'><strong>populis</strong></span> <span class='ocrx_word' id='word_1_203' title='bbox 508 2448 696 2524; x_wconf 90' lang='lat' dir='ltr'><strong>urbibusque</strong></span> <span class='ocrx_word' id='word_1_204' title='bbox 710 2459 883 2508; x_wconf 83' lang='lat' dir='ltr'><strong>consensus</strong></span> <span class='ocrx_word' id='word_1_205' title='bbox 897 2447 943 2507; x_wconf 88' lang='lat' dir='ltr'><strong>sic</strong></span> <span class='ocrx_word' id='word_1_206' title='bbox 957 2455 1058 2522; x_wconf 88' lang='lat' dir='ltr'><strong>prote·</strong></span> 
     </span>
     <span class='ocr_line' id='line_1_28' title="bbox 89 2531 1058 2607; baseline -0.003 -16"><span class='ocrx_word' id='word_1_207' title='bbox 89 2532 182 2606; x_wconf 80' lang='lat' dir='ltr'><strong>gandi</strong></span> <span class='ocrx_word' id='word_1_208' title='bbox 203 2534 385 2607; x_wconf 88' lang='lat' dir='ltr'><strong>amandique</strong></span> <span class='ocrx_word' id='word_1_209' title='bbox 404 2548 493 2606; x_wconf 83' lang='lat' dir='ltr'><strong>reges</strong></span> <span class='ocrx_word' id='word_1_210' title='bbox 509 2540 539 2592; x_wconf 88' lang='lat' dir='ltr'><strong>et</strong></span> <span class='ocrx_word' id='word_1_211' title='bbox 560 2548 596 2592; x_wconf 87' lang='lat' dir='ltr'><strong>se</strong></span> <span class='ocrx_word' id='word_1_212' title='bbox 610 2547 728 2606; x_wconf 87' lang='lat' dir='ltr'><strong>suaque</strong></span> <span class='ocrx_word' id='word_1_213' title='bbox 742 2531 889 2604; x_wconf 83' lang='lat' dir='ltr'><strong>iactandi,</strong></span> <span class='ocrx_word' id='word_1_214' title='bbox 912 2547 1058 2606; x_wconf 80' lang='lat' dir='ltr'><strong>quocum</strong></span> 
     </span>
     <span class='ocr_line' id='line_1_29' title="bbox 91 2614 1060 2690; baseline -0.003 -14"><span class='ocrx_word' id='word_1_215' title='bbox 91 2631 152 2690; x_wconf 87' lang='lat' dir='ltr'><strong>que</strong></span> <span class='ocrx_word' id='word_1_216' title='bbox 167 2615 352 2676; x_wconf 88' lang='lat' dir='ltr'><strong>desideravit</strong></span> <span class='ocrx_word' id='word_1_217' title='bbox 364 2614 540 2690; x_wconf 84' lang='lat' dir='ltr'><strong>imperantis</strong></span> <span class='ocrx_word' id='word_1_218' title='bbox 555 2618 649 2676; x_wconf 85' lang='lat' dir='ltr'><strong>salus.</strong></span> <span class='ocrx_word' id='word_1_219' title='bbox 675 2631 732 2675; x_wconf 89' lang='lat' dir='ltr'><strong>nec</strong></span> <span class='ocrx_word' id='word_1_220' title='bbox 746 2615 823 2675; x_wconf 87' lang='lat' dir='ltr'><strong>haec</strong></span> <span class='ocrx_word' id='word_1_221' title='bbox 836 2616 936 2675; x_wconf 82' lang='lat' dir='ltr'><strong>vilitas</strong></span> <span class='ocrx_word' id='word_1_222' title='bbox 952 2614 998 2673; x_wconf 91' lang='lat' dir='ltr'><strong>sui</strong></span> <span class='ocrx_word' id='word_1_223' title='bbox 1012 2621 1060 2674; x_wconf 90' lang='lat' dir='ltr'><strong>est</strong></span> 
     </span>
     <span class='ocr_line' id='line_1_30' title="bbox 89 2698 1059 2775; baseline -0.001 -19"><span class='ocrx_word' id='word_1_224' title='bbox 89 2706 144 2760; x_wconf 87' lang='lat' dir='ltr'><strong>aut</strong></span> <span class='ocrx_word' id='word_1_225' title='bbox 161 2698 326 2772; x_wconf 87' lang='lat' dir='ltr'><strong>dementia,</strong></span> <span class='ocrx_word' id='word_1_226' title='bbox 349 2715 405 2774; x_wconf 91' lang='lat' dir='ltr'><strong>pro</strong></span> <span class='ocrx_word' id='word_1_227' title='bbox 426 2716 488 2760; x_wconf 93' lang='lat' dir='ltr'><strong>uno</strong></span> <span class='ocrx_word' id='word_1_228' title='bbox 510 2699 610 2775; x_wconf 89' lang='lat' dir='ltr'><strong>capite</strong></span> <span class='ocrx_word' id='word_1_229' title='bbox 629 2706 674 2760; x_wconf 88' lang='lat' dir='ltr'><strong>tot</strong></span> <span class='ocrx_word' id='word_1_230' title='bbox 693 2699 775 2758; x_wconf 90' lang='lat' dir='ltr'><strong>milia</strong></span> <span class='ocrx_word' id='word_1_231' title='bbox 788 2699 932 2774; x_wconf 81' lang='lat' dir='ltr'><strong>excipere</strong></span> <span class='ocrx_word' id='word_1_232' title='bbox 946 2698 1059 2756; x_wconf 79' lang='lat' dir='ltr'><strong>lenum</strong></span> 
     </span>
     <span class='ocr_line' id='line_1_31' title="bbox 89 2781 1058 2854; baseline -0.004 -14"><span class='ocrx_word' id='word_1_233' title='bbox 89 2796 128 2840; x_wconf 83' lang='lat' dir='ltr'><strong>ac</strong></span> <span class='ocrx_word' id='word_1_234' title='bbox 138 2782 238 2842; x_wconf 89' lang='lat' dir='ltr'><strong>multis</strong></span> <span class='ocrx_word' id='word_1_235' title='bbox 251 2781 397 2842; x_wconf 87' lang='lat' dir='ltr'><strong>mortibus</strong></span> <span class='ocrx_word' id='word_1_236' title='bbox 409 2800 498 2842; x_wconf 89' lang='lat' dir='ltr'><strong>unam</strong></span> <span class='ocrx_word' id='word_1_237' title='bbox 510 2782 640 2842; x_wconf 88' lang='lat' dir='ltr'><strong>animum</strong></span> <span class='ocrx_word' id='word_1_238' title='bbox 650 2782 815 2854; x_wconf 80' lang='lat' dir='ltr'><strong>redimere,</strong></span> <span class='ocrx_word' id='word_1_239' title='bbox 831 2794 1058 2852; x_wconf 89' lang='lat' dir='ltr'><strong>nonnumquam</strong></span> 
     </span>
     <span class='ocr_line' id='line_1_32' title="bbox 89 2860 1090 2938; baseline -0.005 -15"><span class='ocrx_word' id='word_1_240' title='bbox 89 2863 175 2924; x_wconf 89' lang='lat' dir='ltr'><strong>senis</strong></span> <span class='ocrx_word' id='word_1_241' title='bbox 189 2872 220 2924; x_wconf 88' lang='lat' dir='ltr'><strong>et</strong></span> <span class='ocrx_word' id='word_1_242' title='bbox 233 2864 366 2924; x_wconf 85' lang='lat' dir='ltr'><strong>invalidi.</strong></span> <span class='ocrx_word' id='word_1_243' title='bbox 390 2865 649 2938; x_wconf 82' lang='lat' dir='ltr'><strong>Quemadmodum</strong></span> <span class='ocrx_word' id='word_1_244' title='bbox 660 2872 755 2924; x_wconf 86' lang='lat' dir='ltr'><strong>totum</strong></span> <span class='ocrx_word' id='word_1_245' title='bbox 767 2873 880 2937; x_wconf 86' lang='lat' dir='ltr'><strong>corpus</strong></span> <span class='ocrx_word' id='word_1_246' title='bbox 893 2861 993 2920; x_wconf 84' lang='lat' dir='ltr'><strong>animo</strong></span> <span class='ocrx_word' id='word_1_247' title='bbox 1005 2860 1058 2919; x_wconf 91' lang='lat' dir='ltr'><strong>de·</strong></span> <span class='ocrx_word' id='word_1_248' title='bbox 1072 2878 1090 2932; x_wconf 75' lang='lat'><strong>5</strong></span> 
     </span>
     <span class='ocr_line' id='line_1_33' title="bbox 88 2941 1058 3020; baseline -0.007 -14"><span class='ocrx_word' id='word_1_249' title='bbox 88 2947 185 3008; x_wconf 86' lang='lat' dir='ltr'><strong>servit</strong></span> <span class='ocrx_word' id='word_1_250' title='bbox 198 2957 228 3008; x_wconf 85' lang='lat' dir='ltr'><strong>at</strong></span> <span class='ocrx_word' id='word_1_251' title='bbox 242 2964 311 3008; x_wconf 92' lang='lat' dir='ltr'><strong>cum</strong></span> <span class='ocrx_word' id='word_1_252' title='bbox 324 2948 384 3010; x_wconf 86' lang='lat' dir='ltr'><strong>hoc</strong></span> <span class='ocrx_word' id='word_1_253' title='bbox 398 2954 480 3007; x_wconf 75' lang='lat' dir='ltr'><strong>muto</strong></span> <span class='ocrx_word' id='word_1_254' title='bbox 496 2947 593 3006; x_wconf 88' lang='lat' dir='ltr'><strong>maius</strong></span> <span class='ocrx_word' id='word_1_255' title='bbox 604 2953 751 3020; x_wconf 83' lang='lat' dir='ltr'><strong>tantoque</strong></span> <span class='ocrx_word' id='word_1_256' title='bbox 763 2944 934 3020; x_wconf 87' lang='lat' dir='ltr'><strong>speciosius</strong></span> <span class='ocrx_word' id='word_1_257' title='bbox 946 2943 992 3015; x_wconf 87' lang='lat' dir='ltr'><strong>sit,</strong></span> <span class='ocrx_word' id='word_1_258' title='bbox 1007 2941 1058 3000; x_wconf 91' lang='lat' dir='ltr'><strong>ille</strong></span> 
     </span>
     <span class='ocr_line' id='line_1_34' title="bbox 89 3026 1056 3104; baseline -0.005 -16"><span class='ocrx_word' id='word_1_259' title='bbox 89 3029 119 3089; x_wconf 93' lang='lat' dir='ltr'><strong>in</strong></span> <span class='ocrx_word' id='word_1_260' title='bbox 141 3033 261 3091; x_wconf 90' lang='lat' dir='ltr'><strong>occulto</strong></span> <span class='ocrx_word' id='word_1_261' title='bbox 284 3039 404 3091; x_wconf 84' lang='lat' dir='ltr'><strong>maneat</strong></span> <span class='ocrx_word' id='word_1_262' title='bbox 424 3030 523 3090; x_wconf 83' lang='lat' dir='ltr'><strong>tenuis</strong></span> <span class='ocrx_word' id='word_1_263' title='bbox 544 3038 575 3090; x_wconf 89' lang='lat' dir='ltr'><strong>et</strong></span> <span class='ocrx_word' id='word_1_264' title='bbox 595 3029 625 3088; x_wconf 95' lang='lat' dir='ltr'><strong>in</strong></span> <span class='ocrx_word' id='word_1_265' title='bbox 641 3045 701 3104; x_wconf 90' lang='lat' dir='ltr'><strong>qua</strong></span> <span class='ocrx_word' id='word_1_266' title='bbox 717 3028 792 3088; x_wconf 88' lang='lat' dir='ltr'><strong>sede</strong></span> <span class='ocrx_word' id='word_1_267' title='bbox 806 3026 1056 3097; x_wconf 70' lang='lat' dir='ltr'><strong>intitularentur,</strong></span> 
     </span>
     <span class='ocr_line' id='line_1_35' title="bbox 90 3108 1130 3208; baseline -0.008 -35"><span class='ocrx_word' id='word_1_268' title='bbox 90 3120 190 3174; x_wconf 82' lang='lat' dir='ltr'><strong>tamen</strong></span> <span class='ocrx_word' id='word_1_269' title='bbox 210 3131 333 3187; x_wconf 83' lang='lat' dir='ltr'><strong>manus,</strong></span> <span class='ocrx_word' id='word_1_270' title='bbox 357 3115 467 3191; x_wconf 87' lang='lat' dir='ltr'><strong>pedes,</strong></span> <span class='ocrx_word' id='word_1_271' title='bbox 490 3114 570 3174; x_wconf 87' lang='lat' dir='ltr'><strong>oculi</strong></span> <span class='ocrx_word' id='word_1_272' title='bbox 590 3112 744 3208; x_wconf 84' lang='lat' dir='ltr'><strong>negotium</strong></span> <span class='ocrx_word' id='word_1_273' title='bbox 764 3110 808 3170; x_wconf 92' lang='lat' dir='ltr'><strong>illi</strong></span> <span class='ocrx_word' id='word_1_274' title='bbox 830 3116 953 3185; x_wconf 64' lang='grc' dir='ltr'>ςιιιιιιι,</span> <span class='ocrx_word' id='word_1_275' title='bbox 975 3108 1058 3168; x_wconf 82' lang='grc' dir='ltr'>ιιιιιιιι</span> <span class='ocrx_word' id='word_1_276' title='bbox 1128 3122 1130 3125; x_wconf 93' lang='grc'><strong><em>·</em></strong></span> 
     </span>
     <span class='ocr_line' id='line_1_36' title="bbox 87 3191 1057 3270; baseline -0.005 -15"><span class='ocrx_word' id='word_1_277' title='bbox 87 3196 165 3256; x_wconf 86' lang='lat' dir='ltr'><strong>haec</strong></span> <span class='ocrx_word' id='word_1_278' title='bbox 179 3199 257 3259; x_wconf 92' lang='lat' dir='ltr'><strong>cutis</strong></span> <span class='ocrx_word' id='word_1_279' title='bbox 271 3199 379 3270; x_wconf 88' lang='lat' dir='ltr'><strong>munit,</strong></span> <span class='ocrx_word' id='word_1_280' title='bbox 395 3195 496 3257; x_wconf 85' lang='lat' dir='ltr'><strong>illius</strong></span> <span class='ocrx_word' id='word_1_281' title='bbox 488 3209 576 3257; x_wconf 81' lang='lat' dir='ltr'><strong>iussu</strong></span> <span class='ocrx_word' id='word_1_282' title='bbox 590 3195 725 3256; x_wconf 90' lang='lat' dir='ltr'><strong>iacemus</strong></span> <span class='ocrx_word' id='word_1_283' title='bbox 739 3201 790 3254; x_wconf 86' lang='lat' dir='ltr'><strong>aut</strong></span> <span class='ocrx_word' id='word_1_284' title='bbox 803 3193 929 3268; x_wconf 87' lang='lat' dir='ltr'><strong>inquieti</strong></span> <span class='ocrx_word' id='word_1_285' title='bbox 940 3191 1057 3251; x_wconf 84' lang='lat' dir='ltr'><strong>discm</strong></span> 
     </span>
     <span class='ocr_line' id='line_1_37' title="bbox 87 3276 1058 3356; baseline -0.006 -20"><span class='ocrx_word' id='word_1_286' title='bbox 87 3279 285 3341; x_wconf 72' lang='lat' dir='ltr'><strong>rimarum</strong></span> <span class='ocrx_word' id='word_1_287' title='bbox 300 3282 349 3341; x_wconf 84' lang='lat' dir='ltr'><strong>illo</strong></span> <span class='ocrx_word' id='word_1_288' title='bbox 362 3279 530 3356; x_wconf 83' lang='lat' dir='ltr'><strong>imperavit,</strong></span> <span class='ocrx_word' id='word_1_289' title='bbox 544 3280 610 3340; x_wconf 86' lang='lat' dir='ltr'><strong>sive</strong></span> <span class='ocrx_word' id='word_1_290' title='bbox 624 3294 736 3338; x_wconf 86' lang='lat' dir='ltr'><strong>avarus</strong></span> <span class='ocrx_word' id='word_1_291' title='bbox 748 3276 889 3338; x_wconf 87' lang='lat' dir='ltr'><strong>domiuus</strong></span> <span class='ocrx_word' id='word_1_292' title='bbox 904 3280 959 3346; x_wconf 78' lang='lat' dir='ltr'><strong>est</strong></span> <span class='ocrx_word' id='word_1_293' title='bbox 973 3279 1058 3332; x_wconf 82' lang='lat' dir='ltr'><strong>mare</strong></span> 
     </span>
     <span class='ocr_line' id='line_1_38' title="bbox 89 3355 1056 3435; baseline -0.004 -16"><span class='ocrx_word' id='word_1_294' title='bbox 89 3362 165 3422; x_wconf 90' lang='lat' dir='ltr'><strong>lucri</strong></span> <span class='ocrx_word' id='word_1_295' title='bbox 182 3379 277 3424; x_wconf 86' lang='lat' dir='ltr'><strong>causa</strong></span> <span class='ocrx_word' id='word_1_296' title='bbox 291 3369 474 3435; x_wconf 89' lang='lat' dir='ltr'><strong>scrutamur,</strong></span> <span class='ocrx_word' id='word_1_297' title='bbox 496 3363 562 3422; x_wconf 86' lang='lat' dir='ltr'><strong>sive</strong></span> <span class='ocrx_word' id='word_1_298' title='bbox 577 3361 769 3434; x_wconf 86' lang='lat' dir='ltr'><strong>ambitiosus,</strong></span> <span class='ocrx_word' id='word_1_299' title='bbox 792 3358 967 3418; x_wconf 87' lang='lat' dir='ltr'><strong>iamdudum</strong></span> <span class='ocrx_word' id='word_1_300' title='bbox 982 3355 1056 3416; x_wconf 83' lang='lat' dir='ltr'><strong>dex·</strong></span> 
     </span>
     <span class='ocr_line' id='line_1_39' title="bbox 89 3442 1058 3517; baseline -0.006 -12"><span class='ocrx_word' id='word_1_301' title='bbox 89 3452 183 3505; x_wconf 88' lang='lat' dir='ltr'><strong>teram</strong></span> <span class='ocrx_word' id='word_1_302' title='bbox 198 3445 327 3506; x_wconf 80' lang='lat' dir='ltr'><strong>flammis</strong></span> <span class='ocrx_word' id='word_1_303' title='bbox 343 3446 509 3508; x_wconf 87' lang='lat' dir='ltr'><strong>obiecimus</strong></span> <span class='ocrx_word' id='word_1_304' title='bbox 524 3443 788 3505; x_wconf 84' lang='lat' dir='ltr'><strong>autvoluntariam</strong></span> <span class='ocrx_word' id='word_1_305' title='bbox 800 3445 930 3516; x_wconf 82' lang='lat' dir='ltr'><strong>[mortem</strong></span> <span class='ocrx_word' id='word_1_306' title='bbox 940 3442 1058 3517; x_wconf 77' lang='lat' dir='ltr'><strong>appete·</strong></span> 
     </span>
    </p>
   </div>
   <div class='ocr_carea' id='block_1_3' title="bbox 0 0 1194 3856">
    <p class='ocr_par' dir='ltr' id='par_1_4' title="bbox 0 0 1194 3856">
     <span class='ocr_line' id='line_1_40' title="bbox 0 0 1194 3856; baseline 0 0"><span class='ocrx_word' id='word_1_307' title='bbox 0 0 1194 3856; x_wconf 95' lang='lat' dir='ltr'><strong> </strong></span> 
     </span>
    </p>
   </div>
  </div>
 </body>
</html>
