2378 3856
175 184 237 249 106
257 184 443 247 Laudato
452 180 739 245 sduuuauuint.
747 180 1003 256 lquTuarlQ.
1011 182 1079 244 ΑΝ.
1090 190 1130 247 17.

173 341 244 399 loeo
259 338 307 398 sit.
330 344 362 396 et
375 338 405 396 in
421 333 679 396 ambulationibus
695 335 810 410 opertis
822 335 1009 409 vagandum,
1021 343 1057 396 ut
1069 338 1152 398 eoelo

173 422 270 483 libero
285 428 315 481 et
328 420 424 481 multo
439 418 550 495 spiritu
567 426 680 493 augeat
692 418 881 493 adtollatque
894 432 932 479 se
944 416 1083 481 animus.
1103 418 1152 479 ali·

174 505 298 581 quando
319 505 450 565 vectatio
471 503 590 578 iterque
611 510 643 563 et
656 508 771 563 mutata
783 502 870 576 ragio
883 500 1026 577 visorem
1041 500 1153 563 dabunt

173 589 397 663 convictusque
421 593 452 648 et
465 586 620 648 liberalior
633 586 729 661 potio.
761 600 994 661 nonnumquam
1008 593 1042 647 et
1055 600 1152 662 usque

173 672 213 733 ad
228 672 406 733 ebrietatem
419 671 621 742 veniendum,
637 686 700 731 non
713 678 747 730 ut
760 677 878 745 mergat
889 684 965 743 nos,
981 670 1045 731 sed
1056 676 1092 731 ut
1103 671 1150 731 de-

173 754 292 832 primat.
325 756 400 817 eluit
419 756 501 815 enim
521 770 615 815 ouras
634 762 666 815 et
680 754 720 815 ab
733 754 794 815 imo
810 751 944 813 animum
957 761 1068 815 movet
1079 762 1111 815 et
1122 763 1150 815 ut

172 838 290 901 morbis
302 838 490 915 quibusdam
504 838 545 898 ita
557 838 698 899 tristitiae
710 837 859 899 medetur.
887 836 1081 914 Liberque
1093 854 1149 900 non

172 925 215 984 ob
234 923 385 982 licentiam
407 918 531 997 linguae
550 922 651 982 dietus
672 928 721 982 est
740 922 882 982 inventor
902 918 982 993 vini,
1010 922 1070 983 sed
1084 922 1149 999 quia

172 1006 282 1066 liberat
297 1002 425 1065 servitio
440 1018 582 1065 aurarum
598 1003 731 1065 animum
746 1013 776 1065 et
790 1000 909 1066 adserit
921 1012 1111 1083 vegetatque
1122 1012 1175 1067 ets

144 1087 369 1154 teuderiorem
389 1088 419 1148 in
442 1102 550 1148 omnes
565 1095 694 1149 eonatus
710 1089 791 1149 lauit
824 1087 888 1149 Sed
901 1094 936 1149 ut
948 1088 1101 1151 libertatis
1112 1088 1147 1150 ita

171 1168 235 1234 vini
253 1173 384 1234 salubris
398 1172 571 1235 moderatio
585 1179 642 1233 est
674 1168 821 1233 Solonem
835 1170 1094 1249 Aroedlaumque
1107 1172 1145 1233 in·

173 1257 309 1319 duleisae
322 1258 395 1317 vino
412 1256 550 1317 eredunt.
584 1256 690 1319 catoni
704 1250 836 1315 ebriatus
852 1252 974 1317 obieeta
986 1263 1047 1319 eet
1081 1256 1146 1317 leti

171 1342 231 1403 lius
257 1340 384 1416 efficiet,
411 1340 553 1415 quisquis
578 1339 739 1412 obiecerit,
762 1337 823 1399 hoe
846 1338 963 1399 maren
987 1338 1145 1403 bennum

173 1440 264 1501 quum
278 1431 398 1505 turpem
410 1424 565 1485 catonem.
585 1422 650 1485 Sed
663 1438 722 1483 nee
736 1436 833 1499 saepe
845 1422 1023 1498 laciendum
1036 1430 1098 1499 est,
1112 1440 1145 1485 ne

172 1508 293 1567 animus
306 1508 417 1567 malam
432 1507 686 1569 consuetudinum
700 1507 808 1581 duent,
823 1514 854 1567 et
866 1506 1038 1583 aliquando
1052 1516 1145 1571 umen

171 1589 202 1651 in
217 1592 450 1651 exsultationem
466 1590 697 1667 libertatemque
710 1589 919 1653 extrahendus
929 1591 1145 1671 tristisqueso-

131 1674 286 1736 1obrietaa
310 1674 499 1735 removenda
518 1674 687 1751 paulisper.
718 1674 796 1735 llam
816 1675 885 1735 sive
899 1672 1023 1737 Graeco
1041 1683 1147 1753 poetae

172 1758 341 1820 eredimus=
367 1758 560 1834 „aliqnando
581 1766 612 1820 el
631 1759 766 1821 insanire
786 1758 954 1821 ineundum
967 1764 1062 1837 eet,“
1085 1760 1147 1823 eiua

170 1842 304 1904 Platoni:
319 1842 459 1923 „trustra
474 1843 614 1917 poetieus
628 1844 712 1904 tores
728 1858 847 1918 conpos
860 1842 909 1905 aui
920 1844 1071 1921 pepulll,“
1085 1844 1148 1907 sire

172 1924 346 1985 Aristoteli:
372 1926 513 1998 „nullum
535 1940 679 2001 magnum
695 1927 851 2003 ingenium
866 1924 934 1987 sine
947 1927 1146 1991 mixturede·

172 2009 303 2069 mentius
318 2008 382 2069 luit.
391 2012 408 2041 ‘¹
430 2025 492 2070 non
506 2016 609 2089 potest
620 2011 738 2086 grande
753 2008 869 2086 aliquid
879 2016 910 2071 et
919 2024 1019 2087 super
1029 2018 1146 2073 ualuas

131 2092 520 2169 llloqninleimotnmens.
543 2108 611 2154 euni
619 2095 796 2170 volgariaet
807 2094 897 2155 solita
908 2084 1097 2173 contempsit
1105 2095 1146 2157 in·

171 2178 347 2252 stinetuque
360 2190 451 2237 suero
467 2177 600 2240 surrexit
613 2179 780 2252 exoelsior,
804 2185 877 2240 tuno
891 2177 1018 2242 demum
1032 2176 1145 2255 aliquid

171 2259 283 2322 oeeinit
303 2260 453 2336 grandius
477 2277 533 2323 ora
553 2262 682 2323 mortali.
715 2278 776 2323 non
796 2268 902 2339 potest
915 2261 1050 2326 sublime
1064 2262 1144 2341 quie

171 2361 262 2423 quam
278 2352 310 2406 et
323 2345 351 2404 in
368 2345 467 2406 uduo
481 2345 617 2423 positum
631 2346 823 2423 contingere,
846 2344 995 2423 quamdiu
1010 2346 1098 2425 apud
1114 2362 1146 2409 se

170 2436 232 2490 est:
247 2428 403 2489 desciscat
418 2436 540 2505 oportet
553 2446 572 2490 a
586 2430 676 2492 solito
691 2439 721 2491 et
735 2430 882 2493 efferatur
891 2436 923 2491 et
932 2430 1078 2493 mordeat
1091 2432 1144 2493 nu

169 2527 228 2574 nos
251 2519 282 2572 et
301 2519 452 2572 reatorem
465 2514 566 2589 rapiat
578 2530 669 2575 auum
683 2530 784 2592 eoque
798 2515 890 2589 leret,
913 2530 977 2597 quo
992 2530 1050 2591 per
1063 2530 1100 2578 sa
1113 2514 1144 2575 ti·

168 2596 298 2657 muisset
311 2594 490 2656 escendere.

129 2687 163 2740 12
228 2677 342 2750 Habes,
360 2676 477 2738 Serene
491 2678 660 2755 carissime,
673 2697 754 2758 quaa
765 2681 888 2757 possint
896 2676 1144 2759 tranquilliletm

168 2763 254 2837 tueri,
271 2775 351 2837 quae
365 2763 535 2838 restituere,
552 2780 632 2841 quaa
647 2765 883 2841 subrepentibus
896 2764 1144 2831 vitiisresistautt

167 2847 241 2910 illud
256 2853 358 2907 umen
373 2846 451 2909 seito
482 2847 555 2909 nibli
571 2849 681 2911 horum
697 2850 772 2911 satis
785 2864 858 2911 esso
870 2842 1011 2913 validum
1022 2850 1144 2915 remim

166 2932 306 2993 berillum
333 2894 554 3008 servantibum
571 2934 631 2994 nisi
651 2933 766 2995 intentu
785 2941 818 2995 et
837 2932 973 3017 adsidue
990 2950 1069 2999 eura
1089 2936 1144 3021 eir·

168 3014 579 3079 rumitanimumlabentem.

558 3213 761 3230 aaut*
827 3224 830 3231 ι

717 3442 720 3449 ,
759 3426 826 3475 ·-τ--,,
844 3446 854 3481 p
879 3456 897 3503 :.'
914 3428 1138 3537 ,irrbtttJ-qtfull
