<?xml version="1.0" encoding="UTF-8"?>
<!DOCTYPE html PUBLIC "-//W3C//DTD XHTML 1.0 Transitional//EN"
    "http://www.w3.org/TR/xhtml1/DTD/xhtml1-transitional.dtd">
<html xmlns="http://www.w3.org/1999/xhtml" xml:lang="en" lang="en">
 <head>
  <title>
</title>
<meta http-equiv="Content-Type" content="text/html;charset=utf-8" />
  <meta name='ocr-system' content='tesseract 3.04.00' />
  <meta name='ocr-capabilities' content='ocr_page ocr_carea ocr_par ocr_line ocrx_word'/>
</head>
<body>
  <div class='ocr_page' id='page_1' title='image "./lannaeisenecaeo03senegoog_0263.png"; bbox 0 0 2378 3856; ppageno 0'>
   <div class='ocr_carea' id='block_1_1' title="bbox 175 210 1062 281">
    <p class='ocr_par' dir='ltr' id='par_1_1' title="bbox 175 210 1062 281">
     <span class='ocr_line' id='line_1_1' title="bbox 175 210 1062 281; baseline -0.016 0"><span class='ocrx_word' id='word_1_1' title='bbox 175 216 238 281; x_wconf 73' lang='lat' dir='ltr'>ulo</span> <span class='ocrx_word' id='word_1_2' title='bbox 352 216 387 277; x_wconf 79' lang='lat' dir='ltr'>t.</span> <span class='ocrx_word' id='word_1_3' title='bbox 407 214 554 275; x_wconf 80' lang='lat' dir='ltr'>ANNAEi</span> <span class='ocrx_word' id='word_1_4' title='bbox 573 211 748 273; x_wconf 78' lang='lat' dir='ltr'><strong>SENECAE</strong></span> <span class='ocrx_word' id='word_1_5' title='bbox 768 211 873 273; x_wconf 75' lang='lat' dir='ltr'>nle.</span> <span class='ocrx_word' id='word_1_6' title='bbox 893 210 959 271; x_wconf 85' lang='lat' dir='ltr'>xlt.</span> <span class='ocrx_word' id='word_1_7' title='bbox 1056 258 1062 267; x_wconf 91' lang='lat'>.</span> 
     </span>
    </p>
   </div>
   <div class='ocr_carea' id='block_1_2' title="bbox 176 360 1147 446">
    <p class='ocr_par' dir='ltr' id='par_1_2' title="bbox 176 360 1147 446">
     <span class='ocr_line' id='line_1_2' title="bbox 176 360 1147 446; baseline -0.009 -15"><span class='ocrx_word' id='word_1_8' title='bbox 176 368 350 446; x_wconf 82' lang='lat' dir='ltr'>splendent.</span> <span class='ocrx_word' id='word_1_9' title='bbox 376 371 407 426; x_wconf 90' lang='lat' dir='ltr'>et</span> <span class='ocrx_word' id='word_1_10' title='bbox 431 363 491 425; x_wconf 88' lang='lat' dir='ltr'>lroc</span> <span class='ocrx_word' id='word_1_11' title='bbox 518 361 712 437; x_wconf 74' lang='lat' dir='ltr'>cogitandum</span> <span class='ocrx_word' id='word_1_12' title='bbox 731 368 795 435; x_wconf 83' lang='lat' dir='ltr'>est,</span> <span class='ocrx_word' id='word_1_13' title='bbox 815 360 876 421; x_wconf 83' lang='lat' dir='ltr'>ists</span> <span class='ocrx_word' id='word_1_14' title='bbox 891 360 975 423; x_wconf 83' lang='lat' dir='ltr'>veris</span> <span class='ocrx_word' id='word_1_15' title='bbox 989 360 1084 425; x_wconf 88' lang='lat' dir='ltr'>bonis</span> <span class='ocrx_word' id='word_1_16' title='bbox 1099 377 1147 439; x_wconf 86' lang='lat' dir='ltr'>per</span> 
     </span>
    </p>
   </div>
   <div class='ocr_carea' id='block_1_3' title="bbox 147 443 1189 3538">
    <p class='ocr_par' dir='ltr' id='par_1_3' title="bbox 147 443 1189 3538">
     <span class='ocr_line' id='line_1_3' title="bbox 176 443 1146 524; baseline -0.006 -9"><span class='ocrx_word' id='word_1_17' title='bbox 176 455 255 515; x_wconf 80' lang='lat' dir='ltr'>sulse</span> <span class='ocrx_word' id='word_1_18' title='bbox 274 457 305 511; x_wconf 88' lang='lat' dir='ltr'>et</span> <span class='ocrx_word' id='word_1_19' title='bbox 325 462 421 524; x_wconf 85' lang='lat' dir='ltr'>preve</span> <span class='ocrx_word' id='word_1_20' title='bbox 442 447 558 507; x_wconf 88' lang='lat' dir='ltr'>credito</span> <span class='ocrx_word' id='word_1_21' title='bbox 578 445 712 506; x_wconf 73' lang='lat' dir='ltr'>obstare.</span> <span class='ocrx_word' id='word_1_22' title='bbox 747 443 993 519; x_wconf 69' lang='lat' dir='ltr'>Quo-longiores</span> <span class='ocrx_word' id='word_1_23' title='bbox 1013 446 1146 523; x_wconf 87' lang='lat' dir='ltr'>porticus</span> 
     </span>
     <span class='ocr_line' id='line_1_4' title="bbox 175 528 1147 611; baseline -0.007 -13"><span class='ocrx_word' id='word_1_24' title='bbox 175 533 376 611; x_wconf 77' lang='lat' dir='ltr'>expedierint,</span> <span class='ocrx_word' id='word_1_25' title='bbox 391 548 454 607; x_wconf 86' lang='lat' dir='ltr'>quo</span> <span class='ocrx_word' id='word_1_26' title='bbox 468 531 559 593; x_wconf 80' lang='lat' dir='ltr'>ultius</span> <span class='ocrx_word' id='word_1_27' title='bbox 572 536 672 591; x_wconf 88' lang='lat' dir='ltr'>turres</span> <span class='ocrx_word' id='word_1_28' title='bbox 687 528 874 602; x_wconf 82' lang='lat' dir='ltr'>sustulerint,</span> <span class='ocrx_word' id='word_1_29' title='bbox 885 544 949 602; x_wconf 85' lang='lat' dir='ltr'>quo</span> <span class='ocrx_word' id='word_1_30' title='bbox 960 528 1054 591; x_wconf 87' lang='lat' dir='ltr'>lulius</span> <span class='ocrx_word' id='word_1_31' title='bbox 1066 528 1147 591; x_wconf 83' lang='lat' dir='ltr'>vicos</span> 
     </span>
     <span class='ocr_line' id='line_1_5' title="bbox 176 610 1147 691; baseline -0.007 -9"><span class='ocrx_word' id='word_1_32' title='bbox 176 617 373 691; x_wconf 79' lang='lat' dir='ltr'>correxerint,</span> <span class='ocrx_word' id='word_1_33' title='bbox 389 630 451 691; x_wconf 87' lang='lat' dir='ltr'>quo</span> <span class='ocrx_word' id='word_1_34' title='bbox 467 613 647 690; x_wconf 81' lang='lat' dir='ltr'>depressius</span> <span class='ocrx_word' id='word_1_35' title='bbox 662 612 796 673; x_wconf 83' lang='lat' dir='ltr'>aestivos</span> <span class='ocrx_word' id='word_1_36' title='bbox 807 626 923 687; x_wconf 89' lang='lat' dir='ltr'>specus</span> <span class='ocrx_word' id='word_1_37' title='bbox 933 610 1080 689; x_wconf 84' lang='lat' dir='ltr'>loderlnt,</span> <span class='ocrx_word' id='word_1_38' title='bbox 1091 628 1147 689; x_wconf 84' lang='lat' dir='ltr'>quo</span> 
     </span>
     <span class='ocr_line' id='line_1_6' title="bbox 176 694 1146 775; baseline -0.005 -11"><span class='ocrx_word' id='word_1_39' title='bbox 176 702 283 764; x_wconf 79' lang='lat' dir='ltr'>maiori</span> <span class='ocrx_word' id='word_1_40' title='bbox 304 701 384 762; x_wconf 93' lang='lat' dir='ltr'>mole</span> <span class='ocrx_word' id='word_1_41' title='bbox 405 698 526 773; x_wconf 76' lang='lat' dir='ltr'>lastigie</span> <span class='ocrx_word' id='word_1_42' title='bbox 539 696 751 758; x_wconf 81' lang='lat' dir='ltr'>coemtionem</span> <span class='ocrx_word' id='word_1_43' title='bbox 766 694 985 771; x_wconf 84' lang='lat' dir='ltr'>subduxerint,</span> <span class='ocrx_word' id='word_1_44' title='bbox 1005 694 1071 759; x_wconf 79' lang='lat' dir='ltr'>hoc</span> <span class='ocrx_word' id='word_1_45' title='bbox 1082 698 1146 775; x_wconf 86' lang='lat' dir='ltr'>plns</span> 
     </span>
     <span class='ocr_line' id='line_1_7' title="bbox 147 779 1147 861; baseline -0.003 -15"><span class='ocrx_word' id='word_1_46' title='bbox 147 788 246 861; x_wconf 76' lang='lat' dir='ltr'>derit,</span> <span class='ocrx_word' id='word_1_47' title='bbox 272 783 357 861; x_wconf 82' lang='lat' dir='ltr'>quod</span> <span class='ocrx_word' id='word_1_48' title='bbox 375 782 435 843; x_wconf 89' lang='lat' dir='ltr'>illle</span> <span class='ocrx_word' id='word_1_49' title='bbox 454 784 575 843; x_wconf 91' lang='lat' dir='ltr'>coelum</span> <span class='ocrx_word' id='word_1_50' title='bbox 594 779 774 842; x_wconf 74' lang='lat' dir='ltr'>abscondet.</span> <span class='ocrx_word' id='word_1_51' title='bbox 805 779 839 839; x_wconf 91' lang='lat' dir='ltr'>ln</span> <span class='ocrx_word' id='word_1_52' title='bbox 859 794 928 841; x_wconf 83' lang='lat' dir='ltr'>eam</span> <span class='ocrx_word' id='word_1_53' title='bbox 948 786 981 841; x_wconf 87' lang='lat' dir='ltr'>tc</span> <span class='ocrx_word' id='word_1_54' title='bbox 994 780 1147 857; x_wconf 71' lang='lat' dir='ltr'>regium</span> 
     </span>
     <span class='ocr_line' id='line_1_8' title="bbox 178 862 1145 940; baseline -0.01 -8"><span class='ocrx_word' id='word_1_55' title='bbox 178 886 270 933; x_wconf 82' lang='lat' dir='ltr'>cesus</span> <span class='ocrx_word' id='word_1_56' title='bbox 292 868 393 939; x_wconf 86' lang='lat' dir='ltr'>eiecit,</span> <span class='ocrx_word' id='word_1_57' title='bbox 413 867 444 926; x_wconf 90' lang='lat' dir='ltr'>in</span> <span class='ocrx_word' id='word_1_58' title='bbox 464 880 528 940; x_wconf 86' lang='lat' dir='ltr'>qus</span> <span class='ocrx_word' id='word_1_59' title='bbox 543 864 743 927; x_wconf 80' lang='lat' dir='ltr'>lentissimum</span> <span class='ocrx_word' id='word_1_60' title='bbox 757 862 987 939; x_wconf 74' lang='lat' dir='ltr'>receptaculum</span> <span class='ocrx_word' id='word_1_61' title='bbox 1000 878 1079 927; x_wconf 80' lang='lat' dir='ltr'>cuso</span> <span class='ocrx_word' id='word_1_62' title='bbox 1089 872 1145 929; x_wconf 68' lang='lat' dir='ltr'>eutr</span> 
     </span>
     <span class='ocr_line' id='line_1_9' title="bbox 177 946 1145 1026; baseline -0.004 -11"><span class='ocrx_word' id='word_1_63' title='bbox 177 970 235 1015; x_wconf 85' lang='lat' dir='ltr'>nae</span> <span class='ocrx_word' id='word_1_64' title='bbox 248 960 281 1013; x_wconf 93' lang='lat' dir='ltr'>tu</span> <span class='ocrx_word' id='word_1_65' title='bbox 294 950 396 1026; x_wconf 87' lang='lat' dir='ltr'>pusilli</span> <span class='ocrx_word' id='word_1_66' title='bbox 410 946 502 1008; x_wconf 87' lang='lat' dir='ltr'>enimi</span> <span class='ocrx_word' id='word_1_67' title='bbox 515 963 549 1008; x_wconf 90' lang='lat' dir='ltr'>es</span> <span class='ocrx_word' id='word_1_68' title='bbox 563 955 595 1009; x_wconf 89' lang='lat' dir='ltr'>et</span> <span class='ocrx_word' id='word_1_69' title='bbox 605 948 732 1009; x_wconf 89' lang='lat' dir='ltr'>sordide</span> <span class='ocrx_word' id='word_1_70' title='bbox 744 963 780 1010; x_wconf 87' lang='lat' dir='ltr'>se</span> <span class='ocrx_word' id='word_1_71' title='bbox 793 946 1032 1023; x_wconf 68' lang='lat' dir='ltr'>consolenlissi</span> <span class='ocrx_word' id='word_1_72' title='bbox 1044 946 1145 1013; x_wconf 81' lang='lat' dir='ltr'>idcoid</span> 
     </span>
     <span class='ocr_line' id='line_1_10' title="bbox 176 1029 1143 1109; baseline -0.008 -12"><span class='ocrx_word' id='word_1_73' title='bbox 176 1036 294 1099; x_wconf 79' lang='lat' dir='ltr'>lortitm</span> <span class='ocrx_word' id='word_1_74' title='bbox 308 1033 430 1109; x_wconf 84' lang='lat' dir='ltr'>peteris,</span> <span class='ocrx_word' id='word_1_75' title='bbox 443 1030 515 1107; x_wconf 85' lang='lat' dir='ltr'>quie</span> <span class='ocrx_word' id='word_1_76' title='bbox 525 1032 646 1093; x_wconf 89' lang='lat' dir='ltr'>Romuli</span> <span class='ocrx_word' id='word_1_77' title='bbox 656 1046 761 1092; x_wconf 83' lang='lat' dir='ltr'>cesam</span> <span class='ocrx_word' id='word_1_78' title='bbox 773 1029 863 1093; x_wconf 90' lang='lat' dir='ltr'>nosti.</span> <span class='ocrx_word' id='word_1_79' title='bbox 883 1030 936 1093; x_wconf 88' lang='lat' dir='ltr'>dic</span> <span class='ocrx_word' id='word_1_80' title='bbox 946 1030 1025 1093; x_wconf 90' lang='lat' dir='ltr'>illud</span> <span class='ocrx_word' id='word_1_81' title='bbox 1036 1032 1143 1109; x_wconf 69' lang='lat' dir='ltr'>pou&#39;ms</span> 
     </span>
     <span class='ocr_line' id='line_1_11' title="bbox 175 1113 1143 1192; baseline -0.006 -10"><span class='ocrx_word' id='word_1_82' title='bbox 175 1119 258 1182; x_wconf 85' lang='lat' dir='ltr'>istud</span> <span class='ocrx_word' id='word_1_83' title='bbox 278 1115 390 1178; x_wconf 86' lang='lat' dir='ltr'>humile</span> <span class='ocrx_word' id='word_1_84' title='bbox 410 1117 563 1192; x_wconf 75' lang='lat' dir='ltr'>tugurium</span> <span class='ocrx_word' id='word_1_85' title='bbox 579 1131 689 1191; x_wconf 83' lang='lat' dir='ltr'>nempe</span> <span class='ocrx_word' id='word_1_86' title='bbox 703 1116 827 1176; x_wconf 87' lang='lat' dir='ltr'>virtutes</span> <span class='ocrx_word' id='word_1_87' title='bbox 842 1113 969 1191; x_wconf 65' lang='lat' dir='ltr'>recipite</span> <span class='ocrx_word' id='word_1_88' title='bbox 983 1116 1048 1177; x_wconf 85' lang='lat' dir='ltr'>ium</span> <span class='ocrx_word' id='word_1_89' title='bbox 1061 1116 1143 1181; x_wconf 79' lang='lat' dir='ltr'>omni</span> 
     </span>
     <span class='ocr_line' id='line_1_12' title="bbox 176 1198 1142 1279; baseline -0.003 -16"><span class='ocrx_word' id='word_1_90' title='bbox 176 1205 235 1265; x_wconf 87' lang='lat' dir='ltr'>bus</span> <span class='ocrx_word' id='word_1_91' title='bbox 262 1199 384 1277; x_wconf 88' lang='lat' dir='ltr'>templis</span> <span class='ocrx_word' id='word_1_92' title='bbox 410 1201 574 1263; x_wconf 78' lang='lat' dir='ltr'>formosius</span> <span class='ocrx_word' id='word_1_93' title='bbox 597 1200 668 1272; x_wconf 88' lang='lat' dir='ltr'>crit,</span> <span class='ocrx_word' id='word_1_94' title='bbox 687 1214 757 1260; x_wconf 90' lang='lat' dir='ltr'>cum</span> <span class='ocrx_word' id='word_1_95' title='bbox 775 1198 837 1261; x_wconf 88' lang='lat' dir='ltr'>iilic</span> <span class='ocrx_word' id='word_1_96' title='bbox 855 1198 972 1261; x_wconf 82' lang='lat' dir='ltr'>iustitie</span> <span class='ocrx_word' id='word_1_97' title='bbox 986 1206 1142 1279; x_wconf 77' lang='lat' dir='ltr'>conspem</span> 
     </span>
     <span class='ocr_line' id='line_1_13' title="bbox 178 1281 1142 1361; baseline 0.001 -15"><span class='ocrx_word' id='word_1_98' title='bbox 178 1288 282 1358; x_wconf 87' lang='lat' dir='ltr'>luerit,</span> <span class='ocrx_word' id='word_1_99' title='bbox 303 1302 371 1347; x_wconf 91' lang='lat' dir='ltr'>cum</span> <span class='ocrx_word' id='word_1_100' title='bbox 387 1285 586 1358; x_wconf 84' lang='lat' dir='ltr'>continentis,</span> <span class='ocrx_word' id='word_1_101' title='bbox 608 1298 676 1344; x_wconf 90' lang='lat' dir='ltr'>cum</span> <span class='ocrx_word' id='word_1_102' title='bbox 693 1282 867 1359; x_wconf 84' lang='lat' dir='ltr'>prudentio,</span> <span class='ocrx_word' id='word_1_103' title='bbox 887 1281 1006 1361; x_wconf 83' lang='lat' dir='ltr'>pictos,</span> <span class='ocrx_word' id='word_1_104' title='bbox 1021 1284 1142 1348; x_wconf 88' lang='lat' dir='ltr'>omniun</span> 
     </span>
     <span class='ocr_line' id='line_1_14' title="bbox 178 1365 1141 1444; baseline -0.003 -12"><span class='ocrx_word' id='word_1_105' title='bbox 178 1370 349 1432; x_wconf 78' lang='lat' dir='ltr'>officiorum</span> <span class='ocrx_word' id='word_1_106' title='bbox 369 1376 453 1430; x_wconf 88' lang='lat' dir='ltr'>recle</span> <span class='ocrx_word' id='word_1_107' title='bbox 475 1368 754 1444; x_wconf 78' lang='lat' dir='ltr'>dispensandorum</span> <span class='ocrx_word' id='word_1_108' title='bbox 772 1367 866 1440; x_wconf 85' lang='lat' dir='ltr'>ratio,</span> <span class='ocrx_word' id='word_1_109' title='bbox 890 1365 1093 1443; x_wconf 81' lang='lat' dir='ltr'>humerorum</span> <span class='ocrx_word' id='word_1_110' title='bbox 1105 1366 1141 1429; x_wconf 91' lang='lat' dir='ltr'>dl·</span> 
     </span>
     <span class='ocr_line' id='line_1_15' title="bbox 178 1450 1142 1529; baseline -0.005 -13"><span class='ocrx_word' id='word_1_111' title='bbox 178 1456 380 1527; x_wconf 85' lang='lat' dir='ltr'>vinorumque</span> <span class='ocrx_word' id='word_1_112' title='bbox 394 1450 531 1513; x_wconf 84' lang='lat' dir='ltr'>scientie.</span> <span class='ocrx_word' id='word_1_113' title='bbox 551 1452 657 1512; x_wconf 84' lang='lat' dir='ltr'>Nullus</span> <span class='ocrx_word' id='word_1_114' title='bbox 671 1458 820 1526; x_wconf 80' lang='lat' dir='ltr'>angustus</span> <span class='ocrx_word' id='word_1_115' title='bbox 834 1458 884 1512; x_wconf 88' lang='lat' dir='ltr'>cst</span> <span class='ocrx_word' id='word_1_116' title='bbox 896 1451 997 1527; x_wconf 87' lang='lat' dir='ltr'>locus,</span> <span class='ocrx_word' id='word_1_117' title='bbox 1014 1452 1142 1529; x_wconf 73' lang='lat' dir='ltr'>quilleno</span> 
     </span>
     <span class='ocr_line' id='line_1_16' title="bbox 177 1535 1142 1615; baseline -0.004 -16"><span class='ocrx_word' id='word_1_118' title='bbox 177 1547 239 1599; x_wconf 87' lang='lat' dir='ltr'>tem</span> <span class='ocrx_word' id='word_1_119' title='bbox 246 1552 421 1610; x_wconf 81' lang='lat' dir='ltr'>magnarum</span> <span class='ocrx_word' id='word_1_120' title='bbox 429 1535 697 1596; x_wconf 87' lang='lat' dir='ltr'>virtutumturbum</span> <span class='ocrx_word' id='word_1_121' title='bbox 705 1535 794 1610; x_wconf 83' lang='lat' dir='ltr'>cupit.</span> <span class='ocrx_word' id='word_1_122' title='bbox 807 1535 923 1595; x_wconf 84' lang='lat' dir='ltr'>nulium</span> <span class='ocrx_word' id='word_1_123' title='bbox 928 1536 1142 1615; x_wconf 71' lang='lat' dir='ltr'>emdtrmprtre</span> 
     </span>
     <span class='ocr_line' id='line_1_17' title="bbox 148 1618 1141 1695; baseline -0.004 -12"><span class='ocrx_word' id='word_1_124' title='bbox 148 1619 167 1673; x_wconf 82' lang='grc'><strong>4</strong></span> <span class='ocrx_word' id='word_1_125' title='bbox 179 1630 240 1693; x_wconf 88' lang='lat' dir='ltr'>est,</span> <span class='ocrx_word' id='word_1_126' title='bbox 266 1621 295 1680; x_wconf 92' lang='lat' dir='ltr'>in</span> <span class='ocrx_word' id='word_1_127' title='bbox 322 1620 407 1695; x_wconf 89' lang='lat' dir='ltr'>quod</span> <span class='ocrx_word' id='word_1_128' title='bbox 430 1620 501 1681; x_wconf 88' lang='lat' dir='ltr'>licet</span> <span class='ocrx_word' id='word_1_129' title='bbox 521 1635 591 1680; x_wconf 90' lang='lat' dir='ltr'>cum</span> <span class='ocrx_word' id='word_1_130' title='bbox 612 1619 672 1679; x_wconf 90' lang='lat' dir='ltr'>hoc</span> <span class='ocrx_word' id='word_1_131' title='bbox 691 1620 736 1679; x_wconf 90' lang='lat' dir='ltr'>ire</span> <span class='ocrx_word' id='word_1_132' title='bbox 756 1619 909 1680; x_wconf 83' lang='lat' dir='ltr'>comitutu</span> <span class='ocrx_word' id='word_1_133' title='bbox 941 1618 1059 1683; x_wconf 82' lang='lat' dir='ltr'>Brutus</span> <span class='ocrx_word' id='word_1_134' title='bbox 1070 1622 1100 1681; x_wconf 91' lang='lat' dir='ltr'>io</span> <span class='ocrx_word' id='word_1_135' title='bbox 1109 1632 1141 1679; x_wconf 85' lang='lat' dir='ltr'>eo</span> 
     </span>
     <span class='ocr_line' id='line_1_18' title="bbox 178 1701 1140 1778; baseline -0.002 -13"><span class='ocrx_word' id='word_1_136' title='bbox 178 1706 271 1777; x_wconf 87' lang='lat' dir='ltr'>libro,</span> <span class='ocrx_word' id='word_1_137' title='bbox 289 1720 379 1778; x_wconf 84' lang='lat' dir='ltr'>quem</span> <span class='ocrx_word' id='word_1_138' title='bbox 393 1704 438 1762; x_wconf 89' lang='lat' dir='ltr'>de</span> <span class='ocrx_word' id='word_1_139' title='bbox 452 1702 599 1763; x_wconf 89' lang='lat' dir='ltr'>virtute</span> <span class='ocrx_word' id='word_1_140' title='bbox 613 1702 790 1777; x_wconf 83' lang='lat' dir='ltr'>conposuit,</span> <span class='ocrx_word' id='word_1_141' title='bbox 811 1701 854 1762; x_wconf 88' lang='lat' dir='ltr'>ait</span> <span class='ocrx_word' id='word_1_142' title='bbox 867 1717 904 1763; x_wconf 88' lang='lat' dir='ltr'>se</span> <span class='ocrx_word' id='word_1_143' title='bbox 915 1702 1095 1767; x_wconf 73' lang='lat' dir='ltr'>Marcellum</span> <span class='ocrx_word' id='word_1_144' title='bbox 1104 1701 1140 1763; x_wconf 83' lang='lat' dir='ltr'>vi-</span> 
     </span>
     <span class='ocr_line' id='line_1_19' title="bbox 179 1786 1140 1865; baseline -0.003 -16"><span class='ocrx_word' id='word_1_145' title='bbox 179 1788 264 1849; x_wconf 91' lang='lat' dir='ltr'>disse</span> <span class='ocrx_word' id='word_1_146' title='bbox 278 1786 433 1865; x_wconf 77' lang='lat' dir='ltr'>Mytilenis</span> <span class='ocrx_word' id='word_1_147' title='bbox 454 1788 626 1846; x_wconf 79' lang='lat' dir='ltr'>exulantem</span> <span class='ocrx_word' id='word_1_148' title='bbox 648 1793 678 1845; x_wconf 91' lang='lat' dir='ltr'>el</span> <span class='ocrx_word' id='word_1_149' title='bbox 698 1793 844 1861; x_wconf 82' lang='lat' dir='ltr'>quantum</span> <span class='ocrx_word' id='word_1_150' title='bbox 863 1787 958 1848; x_wconf 92' lang='lat' dir='ltr'>modo</span> <span class='ocrx_word' id='word_1_151' title='bbox 977 1786 1140 1851; x_wconf 76' lang='lat' dir='ltr'>colurnio</span> 
     </span>
     <span class='ocr_line' id='line_1_20' title="bbox 179 1867 1139 1949; baseline 0.001 -19"><span class='ocrx_word' id='word_1_152' title='bbox 179 1872 267 1931; x_wconf 92' lang='lat' dir='ltr'>minis</span> <span class='ocrx_word' id='word_1_153' title='bbox 284 1877 451 1944; x_wconf 85' lang='lat' dir='ltr'>poteretur,</span> <span class='ocrx_word' id='word_1_154' title='bbox 466 1867 642 1929; x_wconf 82' lang='lat' dir='ltr'>benussime</span> <span class='ocrx_word' id='word_1_155' title='bbox 658 1869 811 1929; x_wconf 81' lang='lat' dir='ltr'>viventem</span> <span class='ocrx_word' id='word_1_156' title='bbox 823 1885 926 1945; x_wconf 88' lang='lat' dir='ltr'>neque</span> <span class='ocrx_word' id='word_1_157' title='bbox 939 1886 1084 1949; x_wconf 72' lang='lat' dir='ltr'>umquem</span> <span class='ocrx_word' id='word_1_158' title='bbox 1097 1884 1139 1931; x_wconf 86' lang='lat' dir='ltr'>eu·</span> 
     </span>
     <span class='ocr_line' id='line_1_21' title="bbox 179 1951 1139 2032; baseline 0.001 -18"><span class='ocrx_word' id='word_1_159' title='bbox 179 1953 328 2030; x_wconf 88' lang='lat' dir='ltr'>pidiorem</span> <span class='ocrx_word' id='word_1_160' title='bbox 345 1951 493 2013; x_wconf 86' lang='lat' dir='ltr'>bonarum</span> <span class='ocrx_word' id='word_1_161' title='bbox 506 1952 615 2012; x_wconf 86' lang='lat' dir='ltr'>artium</span> <span class='ocrx_word' id='word_1_162' title='bbox 630 1969 719 2027; x_wconf 82' lang='lat' dir='ltr'>quam</span> <span class='ocrx_word' id='word_1_163' title='bbox 735 1954 787 2015; x_wconf 94' lang='lat' dir='ltr'>iilo</span> <span class='ocrx_word' id='word_1_164' title='bbox 802 1960 949 2029; x_wconf 86' lang='lat' dir='ltr'>tempore.</span> <span class='ocrx_word' id='word_1_165' title='bbox 971 1956 1077 2032; x_wconf 84' lang='lat' dir='ltr'>imque</span> <span class='ocrx_word' id='word_1_166' title='bbox 1087 1952 1139 2015; x_wconf 88' lang='lat' dir='ltr'>udi·</span> 
     </span>
     <span class='ocr_line' id='line_1_22' title="bbox 179 2038 1139 2113; baseline 0.006 -15"><span class='ocrx_word' id='word_1_167' title='bbox 179 2038 234 2098; x_wconf 75' lang='lat' dir='ltr'>eiu</span> <span class='ocrx_word' id='word_1_168' title='bbox 255 2040 348 2099; x_wconf 66' lang='lat' dir='ltr'>ossum</span> <span class='ocrx_word' id='word_1_169' title='bbox 360 2038 417 2098; x_wconf 81' lang='lat' dir='ltr'>sibi</span> <span class='ocrx_word' id='word_1_170' title='bbox 430 2054 462 2097; x_wconf 87' lang='lat' dir='ltr'>se</span> <span class='ocrx_word' id='word_1_171' title='bbox 474 2039 569 2111; x_wconf 72' lang='lat' dir='ltr'>moaci</span> <span class='ocrx_word' id='word_1_172' title='bbox 582 2039 614 2096; x_wconf 79' lang='lat' dir='ltr'>in</span> <span class='ocrx_word' id='word_1_173' title='bbox 626 2040 749 2098; x_wconf 76' lang='lat' dir='ltr'>emitum</span> <span class='ocrx_word' id='word_1_174' title='bbox 764 2040 822 2110; x_wconf 84' lang='lat' dir='ltr'>ire,</span> <span class='ocrx_word' id='word_1_175' title='bbox 838 2038 1139 2113; x_wconf 60' lang='lat' dir='ltr'>quimdloroffl</span> 
     </span>
     <span class='ocr_line' id='line_1_23' title="bbox 150 2120 1139 2197; baseline -0.001 -13"><span class='ocrx_word' id='word_1_176' title='bbox 150 2120 232 2184; x_wconf 63' lang='lat' dir='ltr'>irus</span> <span class='ocrx_word' id='word_1_177' title='bbox 253 2127 339 2194; x_wconf 84' lang='lat' dir='ltr'>esset,</span> <span class='ocrx_word' id='word_1_178' title='bbox 362 2137 452 2197; x_wconf 81' lang='lat' dir='ltr'>quum</span> <span class='ocrx_word' id='word_1_179' title='bbox 472 2123 599 2181; x_wconf 81' lang='lat' dir='ltr'>illumin</span> <span class='ocrx_word' id='word_1_180' title='bbox 611 2123 702 2182; x_wconf 77' lang='lat' dir='ltr'>exilio</span> <span class='ocrx_word' id='word_1_181' title='bbox 714 2123 851 2196; x_wconf 79' lang='lat' dir='ltr'>relinqui.</span> <span class='ocrx_word' id='word_1_182' title='bbox 885 2121 1139 2185; x_wconf 78' lang='lat' dir='ltr'>otouunsttorou</span> 
     </span>
     <span class='ocr_line' id='line_1_24' title="bbox 177 2204 1139 2285; baseline 0.005 -19"><span class='ocrx_word' id='word_1_183' title='bbox 177 2206 356 2267; x_wconf 80' lang='lat' dir='ltr'>Marcellum</span> <span class='ocrx_word' id='word_1_184' title='bbox 376 2220 414 2266; x_wconf 89' lang='lat' dir='ltr'>eo</span> <span class='ocrx_word' id='word_1_185' title='bbox 433 2211 585 2281; x_wconf 84' lang='lat' dir='ltr'>tempore,</span> <span class='ocrx_word' id='word_1_186' title='bbox 610 2222 673 2279; x_wconf 86' lang='lat' dir='ltr'>quo</span> <span class='ocrx_word' id='word_1_187' title='bbox 689 2204 812 2266; x_wconf 85' lang='lat' dir='ltr'>exilium</span> <span class='ocrx_word' id='word_1_188' title='bbox 828 2220 918 2266; x_wconf 90' lang='lat' dir='ltr'>suum</span> <span class='ocrx_word' id='word_1_189' title='bbox 931 2205 1030 2271; x_wconf 79' lang='lat' dir='ltr'>Bruto</span> <span class='ocrx_word' id='word_1_190' title='bbox 1042 2204 1139 2285; x_wconf 72' lang='lat' dir='ltr'>edprt</span> 
     </span>
     <span class='ocr_line' id='line_1_25' title="bbox 178 2284 1140 2367; baseline -0.004 -16"><span class='ocrx_word' id='word_1_191' title='bbox 178 2289 274 2363; x_wconf 81' lang='lat' dir='ltr'>havit,</span> <span class='ocrx_word' id='word_1_192' title='bbox 301 2304 392 2365; x_wconf 89' lang='lat' dir='ltr'>quem</span> <span class='ocrx_word' id='word_1_193' title='bbox 419 2304 480 2364; x_wconf 88' lang='lat' dir='ltr'>quo</span> <span class='ocrx_word' id='word_1_194' title='bbox 505 2286 693 2362; x_wconf 86' lang='lat' dir='ltr'>reipublicae</span> <span class='ocrx_word' id='word_1_195' title='bbox 717 2288 924 2351; x_wconf 79' lang='lat' dir='ltr'>consulatum!</span> <span class='ocrx_word' id='word_1_196' title='bbox 948 2296 1083 2367; x_wconf 79' lang='lat' dir='ltr'>quantus</span> <span class='ocrx_word' id='word_1_197' title='bbox 1103 2284 1140 2347; x_wconf 82' lang='lat' dir='ltr'>xit</span> 
     </span>
     <span class='ocr_line' id='line_1_26' title="bbox 179 2368 1139 2451; baseline 0 -18"><span class='ocrx_word' id='word_1_198' title='bbox 179 2374 230 2435; x_wconf 91' lang='lat' dir='ltr'>ille</span> <span class='ocrx_word' id='word_1_199' title='bbox 245 2374 313 2447; x_wconf 83' lang='lat' dir='ltr'>luit,</span> <span class='ocrx_word' id='word_1_200' title='bbox 336 2374 390 2450; x_wconf 90' lang='lat' dir='ltr'>qui</span> <span class='ocrx_word' id='word_1_201' title='bbox 404 2372 520 2445; x_wconf 78' lang='lat' dir='ltr'>effecit,</span> <span class='ocrx_word' id='word_1_202' title='bbox 541 2377 574 2431; x_wconf 89' lang='lat' dir='ltr'>ut</span> <span class='ocrx_word' id='word_1_203' title='bbox 587 2372 698 2447; x_wconf 84' lang='lat' dir='ltr'>uliquis</span> <span class='ocrx_word' id='word_1_204' title='bbox 713 2373 785 2432; x_wconf 86' lang='lat' dir='ltr'>exul</span> <span class='ocrx_word' id='word_1_205' title='bbox 799 2371 1046 2450; x_wconf 73' lang='lat' dir='ltr'>deluderetur,</span> <span class='ocrx_word' id='word_1_206' title='bbox 1070 2368 1139 2451; x_wconf 81' lang='lat' dir='ltr'>quoti</span> 
     </span>
     <span class='ocr_line' id='line_1_27' title="bbox 180 2454 1189 2532; baseline 0.002 -15"><span class='ocrx_word' id='word_1_207' title='bbox 180 2457 219 2517; x_wconf 87' lang='lat' dir='ltr'>eb</span> <span class='ocrx_word' id='word_1_208' title='bbox 239 2460 330 2517; x_wconf 87' lang='lat' dir='ltr'>exule</span> <span class='ocrx_word' id='word_1_209' title='bbox 352 2457 531 2518; x_wconf 68' lang='lat' dir='ltr'>recederet?</span> <span class='ocrx_word' id='word_1_210' title='bbox 562 2463 693 2530; x_wconf 84' lang='lat' dir='ltr'>quantus</span> <span class='ocrx_word' id='word_1_211' title='bbox 707 2454 754 2515; x_wconf 87' lang='lat' dir='ltr'>vir</span> <span class='ocrx_word' id='word_1_212' title='bbox 769 2455 838 2528; x_wconf 84' lang='lat' dir='ltr'>luit,</span> <span class='ocrx_word' id='word_1_213' title='bbox 864 2457 964 2532; x_wconf 89' lang='lat' dir='ltr'>quiin</span> <span class='ocrx_word' id='word_1_214' title='bbox 980 2454 1138 2521; x_wconf 74' lang='lat' dir='ltr'>admtutic</span> <span class='ocrx_word' id='word_1_215' title='bbox 1187 2525 1189 2528; x_wconf 59' lang='grc'><strong>,</strong></span> 
     </span>
     <span class='ocr_line' id='line_1_28' title="bbox 180 2537 1189 2612; baseline 0.005 -13"><span class='ocrx_word' id='word_1_216' title='bbox 180 2555 250 2599; x_wconf 87' lang='lat' dir='ltr'>nem</span> <span class='ocrx_word' id='word_1_217' title='bbox 274 2541 323 2599; x_wconf 91' lang='lat' dir='ltr'>sui</span> <span class='ocrx_word' id='word_1_218' title='bbox 349 2540 477 2600; x_wconf 80' lang='lat' dir='ltr'>adduxit</span> <span class='ocrx_word' id='word_1_219' title='bbox 496 2538 649 2599; x_wconf 90' lang='lat' dir='ltr'>hominem</span> <span class='ocrx_word' id='word_1_220' title='bbox 663 2537 754 2600; x_wconf 87' lang='lat' dir='ltr'>etiam</span> <span class='ocrx_word' id='word_1_221' title='bbox 768 2539 875 2600; x_wconf 82' lang='lat' dir='ltr'>Catoni</span> <span class='ocrx_word' id='word_1_222' title='bbox 888 2555 948 2602; x_wconf 85' lang='lat' dir='ltr'>suo</span> <span class='ocrx_word' id='word_1_223' title='bbox 963 2540 1140 2603; x_wconf 75' lang='lat' dir='ltr'>mirunduttti</span> <span class='ocrx_word' id='word_1_224' title='bbox 1155 2550 1189 2612; x_wconf 85' lang='grc' dir='ltr'>ἰ</span> 
     </span>
     <span class='ocr_line' id='line_1_29' title="bbox 151 2605 1189 2700; baseline 0.013 -22"><span class='ocrx_word' id='word_1_225' title='bbox 151 2621 482 2682; x_wconf 68' lang='lat' dir='ltr'>mosomensem</span> <span class='ocrx_word' id='word_1_226' title='bbox 512 2622 542 2681; x_wconf 85' lang='lat' dir='ltr'>c.</span> <span class='ocrx_word' id='word_1_227' title='bbox 558 2623 715 2683; x_wconf 60' lang='lat' dir='ltr'>cesarem</span> <span class='ocrx_word' id='word_1_228' title='bbox 730 2624 889 2700; x_wconf 62' lang='lat' dir='ltr'>notamus</span> <span class='ocrx_word' id='word_1_229' title='bbox 901 2632 1139 2700; x_wconf 66' lang='lat' dir='ltr'>procum,</span> <span class='ocrx_word' id='word_1_230' title='bbox 1172 2605 1189 2632; x_wconf 76' lang='lat'><strong>¹</strong></span> 
     </span>
     <span class='ocr_line' id='line_1_30' title="bbox 179 2707 1140 2787; baseline 0.002 -20"><span class='ocrx_word' id='word_1_231' title='bbox 179 2708 251 2781; x_wconf 79' lang='lat' dir='ltr'>quic</span> <span class='ocrx_word' id='word_1_232' title='bbox 265 2721 324 2767; x_wconf 83' lang='lat' dir='ltr'>nou</span> <span class='ocrx_word' id='word_1_233' title='bbox 335 2707 491 2766; x_wconf 66' lang='lat' dir='ltr'>mulceret</span> <span class='ocrx_word' id='word_1_234' title='bbox 504 2707 605 2766; x_wconf 81' lang='lat' dir='ltr'>uidere</span> <span class='ocrx_word' id='word_1_235' title='bbox 618 2707 816 2780; x_wconf 77' lang='lat' dir='ltr'>deformatum</span> <span class='ocrx_word' id='word_1_236' title='bbox 830 2711 936 2769; x_wconf 73' lang='lat' dir='ltr'>ouum</span> <span class='ocrx_word' id='word_1_237' title='bbox 969 2710 1017 2771; x_wconf 87' lang='lat' dir='ltr'>illi</span> <span class='ocrx_word' id='word_1_238' title='bbox 1031 2708 1140 2787; x_wconf 78' lang='lat' dir='ltr'>quum</span> 
     </span>
     <span class='ocr_line' id='line_1_31' title="bbox 179 2787 1141 2866; baseline 0.003 -18"><span class='ocrx_word' id='word_1_239' title='bbox 179 2788 311 2851; x_wconf 88' lang='lat' dir='ltr'>reditum</span> <span class='ocrx_word' id='word_1_240' title='bbox 331 2789 494 2865; x_wconf 81' lang='lat' dir='ltr'>inpetravit</span> <span class='ocrx_word' id='word_1_241' title='bbox 515 2795 641 2850; x_wconf 80' lang='lat' dir='ltr'>senatus</span> <span class='ocrx_word' id='word_1_242' title='bbox 661 2790 792 2866; x_wconf 88' lang='lat' dir='ltr'>publicis</span> <span class='ocrx_word' id='word_1_243' title='bbox 808 2791 952 2866; x_wconf 88' lang='lat' dir='ltr'>precibus</span> <span class='ocrx_word' id='word_1_244' title='bbox 965 2800 1029 2854; x_wconf 82' lang='lat' dir='ltr'>tum</span> <span class='ocrx_word' id='word_1_245' title='bbox 1042 2787 1141 2855; x_wconf 83' lang='lat' dir='ltr'>sollici·</span> 
     </span>
     <span class='ocr_line' id='line_1_32' title="bbox 180 2874 1142 2946; baseline 0.002 -13"><span class='ocrx_word' id='word_1_246' title='bbox 180 2882 229 2935; x_wconf 93' lang='lat' dir='ltr'>tus</span> <span class='ocrx_word' id='word_1_247' title='bbox 251 2890 287 2934; x_wconf 86' lang='lat' dir='ltr'>se</span> <span class='ocrx_word' id='word_1_248' title='bbox 307 2880 459 2946; x_wconf 88' lang='lat' dir='ltr'>moestus,</span> <span class='ocrx_word' id='word_1_249' title='bbox 481 2879 515 2934; x_wconf 87' lang='lat' dir='ltr'>ut</span> <span class='ocrx_word' id='word_1_250' title='bbox 536 2889 641 2934; x_wconf 90' lang='lat' dir='ltr'>omnes</span> <span class='ocrx_word' id='word_1_251' title='bbox 662 2874 714 2933; x_wconf 94' lang='lat' dir='ltr'>illo</span> <span class='ocrx_word' id='word_1_252' title='bbox 729 2874 779 2934; x_wconf 91' lang='lat' dir='ltr'>die</span> <span class='ocrx_word' id='word_1_253' title='bbox 791 2874 877 2935; x_wconf 89' lang='lat' dir='ltr'>Bruti</span> <span class='ocrx_word' id='word_1_254' title='bbox 891 2875 1009 2938; x_wconf 85' lang='lat' dir='ltr'>hebere</span> <span class='ocrx_word' id='word_1_255' title='bbox 1023 2876 1142 2941; x_wconf 81' lang='lat' dir='ltr'>animun</span> 
     </span>
     <span class='ocr_line' id='line_1_33' title="bbox 179 2954 1141 3039; baseline 0.008 -21"><span class='ocrx_word' id='word_1_256' title='bbox 179 2957 357 3019; x_wconf 89' lang='lat' dir='ltr'>viderentur</span> <span class='ocrx_word' id='word_1_257' title='bbox 381 2965 413 3018; x_wconf 89' lang='lat' dir='ltr'>et</span> <span class='ocrx_word' id='word_1_258' title='bbox 433 2974 493 3018; x_wconf 88' lang='lat' dir='ltr'>non</span> <span class='ocrx_word' id='word_1_259' title='bbox 517 2974 573 3034; x_wconf 89' lang='lat' dir='ltr'>pro</span> <span class='ocrx_word' id='word_1_260' title='bbox 587 2958 749 3031; x_wconf 83' lang='lat' dir='ltr'>Marcello,</span> <span class='ocrx_word' id='word_1_261' title='bbox 775 2959 833 3018; x_wconf 89' lang='lat' dir='ltr'>sed</span> <span class='ocrx_word' id='word_1_262' title='bbox 853 2974 911 3035; x_wconf 88' lang='lat' dir='ltr'>pro</span> <span class='ocrx_word' id='word_1_263' title='bbox 927 2975 964 3020; x_wconf 89' lang='lat' dir='ltr'>se</span> <span class='ocrx_word' id='word_1_264' title='bbox 977 2954 1141 3039; x_wconf 61' lang='lat' dir='ltr'>depredati,</span> 
     </span>
     <span class='ocr_line' id='line_1_34' title="bbox 180 3041 1189 3121; baseline 0.006 -19"><span class='ocrx_word' id='word_1_265' title='bbox 180 3057 219 3102; x_wconf 90' lang='lat' dir='ltr'>ne</span> <span class='ocrx_word' id='word_1_266' title='bbox 245 3043 351 3103; x_wconf 90' lang='lat' dir='ltr'>exules</span> <span class='ocrx_word' id='word_1_267' title='bbox 378 3049 497 3115; x_wconf 89' lang='lat' dir='ltr'>essent,</span> <span class='ocrx_word' id='word_1_268' title='bbox 525 3042 552 3101; x_wconf 93' lang='lat' dir='ltr'>si</span> <span class='ocrx_word' id='word_1_269' title='bbox 576 3042 643 3103; x_wconf 90' lang='lat' dir='ltr'>sine</span> <span class='ocrx_word' id='word_1_270' title='bbox 664 3042 716 3102; x_wconf 95' lang='lat' dir='ltr'>illo</span> <span class='ocrx_word' id='word_1_271' title='bbox 736 3041 881 3103; x_wconf 85' lang='lat' dir='ltr'>luissent:</span> <span class='ocrx_word' id='word_1_272' title='bbox 902 3044 961 3104; x_wconf 85' lang='lat' dir='ltr'>sed</span> <span class='ocrx_word' id='word_1_273' title='bbox 974 3044 1047 3121; x_wconf 85' lang='lat' dir='ltr'>plus</span> <span class='ocrx_word' id='word_1_274' title='bbox 1060 3042 1141 3105; x_wconf 86' lang='lat' dir='ltr'>multo</span> <span class='ocrx_word' id='word_1_275' title='bbox 1186 3101 1189 3108; x_wconf 89' lang='lat'><em>.</em></span> 
     </span>
     <span class='ocr_line' id='line_1_35' title="bbox 181 3115 1189 3208; baseline 0.004 -25"><span class='ocrx_word' id='word_1_276' title='bbox 181 3131 368 3185; x_wconf 89' lang='lat' dir='ltr'>consecutus</span> <span class='ocrx_word' id='word_1_277' title='bbox 388 3133 451 3198; x_wconf 83' lang='lat' dir='ltr'>est,</span> <span class='ocrx_word' id='word_1_278' title='bbox 479 3141 540 3199; x_wconf 91' lang='lat' dir='ltr'>quo</span> <span class='ocrx_word' id='word_1_279' title='bbox 556 3124 608 3186; x_wconf 89' lang='lat' dir='ltr'>die</span> <span class='ocrx_word' id='word_1_280' title='bbox 620 3125 704 3185; x_wconf 91' lang='lat' dir='ltr'>illum</span> <span class='ocrx_word' id='word_1_281' title='bbox 718 3128 840 3186; x_wconf 84' lang='lat' dir='ltr'>exulem</span> <span class='ocrx_word' id='word_1_282' title='bbox 853 3125 967 3189; x_wconf 83' lang='lat' dir='ltr'>Brutus</span> <span class='ocrx_word' id='word_1_283' title='bbox 981 3128 1143 3204; x_wconf 71' lang='lat' dir='ltr'>relinquero</span> <span class='ocrx_word' id='word_1_284' title='bbox 1184 3115 1189 3208; x_wconf 62' lang='lat' dir='ltr'><strong>ff</strong></span> 
     </span>
     <span class='ocr_line' id='line_1_36' title="bbox 181 3206 1189 3289; baseline 0.005 -24"><span class='ocrx_word' id='word_1_285' title='bbox 181 3222 242 3268; x_wconf 92' lang='lat' dir='ltr'>non</span> <span class='ocrx_word' id='word_1_286' title='bbox 257 3206 369 3282; x_wconf 91' lang='lat' dir='ltr'>poluit,</span> <span class='ocrx_word' id='word_1_287' title='bbox 387 3208 501 3270; x_wconf 82' lang='lat' dir='ltr'>Cacsar</span> <span class='ocrx_word' id='word_1_288' title='bbox 515 3209 628 3270; x_wconf 87' lang='lat' dir='ltr'>videre.</span> <span class='ocrx_word' id='word_1_289' title='bbox 651 3210 777 3284; x_wconf 83' lang='lat' dir='ltr'>contigit</span> <span class='ocrx_word' id='word_1_290' title='bbox 792 3208 873 3270; x_wconf 90' lang='lat' dir='ltr'>enim</span> <span class='ocrx_word' id='word_1_291' title='bbox 891 3210 933 3271; x_wconf 92' lang='lat' dir='ltr'>illi</span> <span class='ocrx_word' id='word_1_292' title='bbox 948 3210 1143 3273; x_wconf 82' lang='lat' dir='ltr'>testimonium</span> <span class='ocrx_word' id='word_1_293' title='bbox 1186 3220 1189 3289; x_wconf 74' lang='lat' dir='ltr'>t</span> 
     </span>
     <span class='ocr_line' id='line_1_37' title="bbox 181 3290 1189 3371; baseline 0.005 -22"><span class='ocrx_word' id='word_1_294' title='bbox 181 3290 355 3366; x_wconf 86' lang='lat' dir='ltr'>utriusque:</span> <span class='ocrx_word' id='word_1_295' title='bbox 369 3293 482 3353; x_wconf 85' lang='lat' dir='ltr'>Brutus</span> <span class='ocrx_word' id='word_1_296' title='bbox 497 3293 565 3351; x_wconf 89' lang='lat' dir='ltr'>sinc</span> <span class='ocrx_word' id='word_1_297' title='bbox 575 3292 721 3354; x_wconf 81' lang='lat' dir='ltr'>Marcello</span> <span class='ocrx_word' id='word_1_298' title='bbox 735 3295 848 3354; x_wconf 86' lang='lat' dir='ltr'>reverti</span> <span class='ocrx_word' id='word_1_299' title='bbox 864 3310 899 3354; x_wconf 91' lang='lat' dir='ltr'>se</span> <span class='ocrx_word' id='word_1_300' title='bbox 915 3294 1027 3371; x_wconf 85' lang='lat' dir='ltr'>doluit,</span> <span class='ocrx_word' id='word_1_301' title='bbox 1041 3294 1144 3355; x_wconf 82' lang='lat' dir='ltr'>cocsut</span> <span class='ocrx_word' id='word_1_302' title='bbox 1188 3303 1189 3314; x_wconf 59' lang='lat'>¹</span> 
     </span>
     <span class='ocr_line' id='line_1_38' title="bbox 153 3374 1145 3451; baseline 0.002 -18"><span class='ocrx_word' id='word_1_303' title='bbox 153 3375 309 3435; x_wconf 85' lang='lat' dir='ltr'>lembuit.</span> <span class='ocrx_word' id='word_1_304' title='bbox 340 3376 416 3434; x_wconf 87' lang='lat' dir='ltr'>Num</span> <span class='ocrx_word' id='word_1_305' title='bbox 437 3375 573 3450; x_wconf 77' lang='lat' dir='ltr'>debitae,</span> <span class='ocrx_word' id='word_1_306' title='bbox 602 3375 676 3451; x_wconf 89' lang='lat' dir='ltr'>quin</span> <span class='ocrx_word' id='word_1_307' title='bbox 696 3392 732 3437; x_wconf 88' lang='lat' dir='ltr'>se</span> <span class='ocrx_word' id='word_1_308' title='bbox 746 3377 797 3437; x_wconf 89' lang='lat' dir='ltr'>illc</span> <span class='ocrx_word' id='word_1_309' title='bbox 810 3377 976 3440; x_wconf 82' lang='lat' dir='ltr'>Marcellus</span> <span class='ocrx_word' id='word_1_310' title='bbox 991 3382 1093 3441; x_wconf 86' lang='lat' dir='ltr'>tu&#39;ntus</span> <span class='ocrx_word' id='word_1_311' title='bbox 1105 3374 1145 3435; x_wconf 83' lang='lat' dir='ltr'>sir</span> 
     </span>
     <span class='ocr_line' id='line_1_39' title="bbox 182 3458 1145 3538; baseline 0.002 -23"><span class='ocrx_word' id='word_1_312' title='bbox 182 3459 227 3516; x_wconf 89' lang='lat' dir='ltr'>sic</span> <span class='ocrx_word' id='word_1_313' title='bbox 244 3458 283 3517; x_wconf 87' lang='lat' dir='ltr'>ed</span> <span class='ocrx_word' id='word_1_314' title='bbox 297 3459 489 3520; x_wconf 86' lang='lat' dir='ltr'>tolerandum</span> <span class='ocrx_word' id='word_1_315' title='bbox 504 3474 605 3535; x_wconf 84' lang='lat' dir='ltr'>ecquo</span> <span class='ocrx_word' id='word_1_316' title='bbox 620 3460 719 3522; x_wconf 79' lang='lat' dir='ltr'>animo</span> <span class='ocrx_word' id='word_1_317' title='bbox 732 3460 855 3522; x_wconf 88' lang='lat' dir='ltr'>exilium</span> <span class='ocrx_word' id='word_1_318' title='bbox 866 3477 964 3538; x_wconf 87' lang='lat' dir='ltr'>saepe</span> <span class='ocrx_word' id='word_1_319' title='bbox 975 3462 1145 3525; x_wconf 78' lang='lat' dir='ltr'>adhortatur</span> 
     </span>
    </p>
   </div>
   <div class='ocr_carea' id='block_1_4' title="bbox 0 0 1194 3856">
    <p class='ocr_par' dir='ltr' id='par_1_4' title="bbox 0 0 1194 3856">
     <span class='ocr_line' id='line_1_40' title="bbox 0 0 1194 3856; baseline 0 2"><span class='ocrx_word' id='word_1_320' title='bbox 0 0 1194 3856; x_wconf 95' lang='lat' dir='ltr'> </span> 
     </span>
    </p>
   </div>
  </div>
 </body>
</html>
