2378 3856
298 205 348 267 aa
365 204 585 267 aanvtrara
600 207 727 267 vluna.
748 216 790 270 a.
807 218 848 271 a.
957 190 959 194 ’
991 210 1063 273 au

85 358 240 435 praebuit,
255 365 318 418 tum
333 358 454 418 demum
469 357 622 420 intellecta
636 360 718 421 inani
733 362 895 424 laetatione
908 366 1063 438 cognomi-

84 442 137 503 nis
154 441 214 501 sui.
248 439 311 501 Sed
324 448 359 501 ιιι
371 442 423 501 illo
437 444 589 515 revertar,
612 443 694 503 unde
708 444 896 522 decessi,.·et
909 447 939 506 in
955 448 1092 518 eadema

85 524 218 587 materia
233 525 392 593 ostendam
408 529 631 602 supervacuam
647 529 847 600 quorumdam
862 530 1063 606 diligentiam:

87 611 171 670 idem
187 607 329 668 narrabat
341 607 494 669 Metellum
505 609 593 668 vietis
604 609 865 674 inSieiliaPaeais
877 615 1062 690 triumphan-

85 701 151 755 tem
164 697 274 754 'unum
287 692 419 752 amnium
434 693 642 753 Romanorum
663 701 734 754 ante
755 695 876 756 currum
899 706 1020 758 centuni
1035 705 1065 758 et

87 775 196 851 viginti
212 775 350 851 captivos
365 776 546 851 elephantos
562 776 710 844 duxisse.
723 777 837 840 Sullam
852 781 988 842 utimum
1002 783 1064 842 Ro·

87 876 249 920 manorum
265 856 431 935 protulisse
445 860 646 935 pomaerium,
663 863 748 936 quod
762 878 928 939 numquam
940 866 1064 940 provin-

88 944 174 1017 ciali,
195 945 252 1004 sed
265 943 370 1004 Italico
391 947 465 1018 agro
481 943 637 1019 adquisita
651 948 790 1021 prolerre
804 948 898 1019 moris
914 949 997 1023 apud
1012 952 1066 1008 an-

87 1029 194 1103 tiquos
214 1027 278 1088 luit.
310 1027 377 1087 Hoc
398 1028 478 1087 scire
492 1027 589 1104 magis
604 1030 747 1104 prodest,
775 1032 867 1106 quam
880 1032 1066 1093 Aventinum

87 1119 223 1171 montem
244 1118 329 1171 extra
346 1111 535 1186 pomoerium
559 1128 645 1187 esse,
666 1120 700 1175 ιιι
712 1114 763 1174 ille
777 1114 971 1190 adfirmabat,
993 1132 1064 1192 pro·

88 1203 158 1271 pter
172 1195 297 1255 alteram
312 1210 351 1254 ex
367 1195 486 1256 duabus
503 1195 615 1269 causis,
634 1205 688 1258 aut
702 1197 786 1272 quod
801 1198 889 1272 plebs
907 1213 944 1259 eo
961 1215 1063 1260 seces-

89 1279 201 1351 sisset,
218 1283 270 1338 aut
284 1279 368 1353 quod
383 1279 480 1338 Remo
496 1280 676 1354 auspicante
690 1280 828 1341 ittoiaen
844 1296 917 1340 aves
933 1299 995 1342 non
1011 1282 1064 1341 ad·
1117 1337 1120 1341 ,

89 1361 251 1424 dixissent.
283 1361 355 1422 Alia
375 1360 790 1438 deincepsinnumerabilia,
811 1379 891 1439 quae
912 1366 1093 1440 autpertus

89 1452 162 1508 sunt
181 1445 349 1506 mendaciis
363 1452 425 1517 aut
443 1445 561 1505 similia.
593 1460 662 1505 nam
677 1455 710 1507 ut
724 1449 878 1507 concedas
893 1448 995 1509 omnia
1009 1464 1065 1509 eos

88 1530 152 1590 lide
177 1530 260 1589 bona
284 1528 400 1601 dieere,
426 1535 460 1588 ut
479 1528 517 1588 ad
539 1530 776 1603 praestationem
792 1530 940 1591 scribant:
964 1539 1066 1592 tamen

90 1613 181 1673 cuius·
200 1613 259 1673 ista
279 1627 400 1672 errores
421 1612 575 1672 minuenti
597 1614 684 1673 euius
706 1613 890 1688 cupiditates
906 1622 1067 1690 prementi

90 1711 183 1772 quem
205 1696 376 1768 laetiorem,
394 1700 484 1770 quem
499 1697 673 1770 iustiorem,
695 1713 786 1771 quem
800 1697 1004 1759 liberaliorem
1022 1700 1036 1757 l
1053 1731 1065 1740 -

90 1780 192 1841 aienti
221 1779 372 1839 Dubitare
388 1795 423 1839 se
442 1779 562 1840 interim
580 1780 734 1840 Fabianus
756 1789 862 1842 noster
874 1782 997 1855 ‘aiebam
1016 1798 1065 1841 an

90 1863 189 1924 satius
204 1868 290 1923 esset
305 1861 397 1923 nullis
413 1863 522 1924 studiis
538 1864 697 1924 admoveri
712 1880 804 1939 quam
818 1864 867 1924 his
883 1865 1031 1940 inplicari.

152 1947 232 2006 XIV.
255 1945 515 2008 Soliomnium
531 1947 1088 2025 otiosi'suntquisapientiael

88 2037 248 2090 vacant:
266 2030 341 2090 sali
358 2030 502 2090 vivunt.
534 2046 592 2090 nee
607 2031 687 2091 enim
703 2048 791 2093 suam
805 2039 920 2093 tanturn
935 2039 1066 2092 aetatem

88 2115 170 2174 bene
178 2120 312 2174 tuentum
325 2128 414 2174 omna
422 2129 593 2175 aevumsuo
602 2115 747 2175 adiciunt.
761 2114 908 2191 quiequid
916 2131 1067 2176 annorum

87 2197 240 2258 anteillos
252 2205 353 2257 aetum
371 2205 427 2271 est,
443 2197 501 2258 illis
517 2197 703 2272 adquisitum
715 2206 771 2257 est.
792 2197 857 2259 Nisi
869 2197 1066 2272 ingratissimi

79 2296 208 2354 sumus,
221 2280 264 2343 illi
271 2281 433 2341 clarissimi
441 2296 595 2341 sacrarum
606 2281 784 2356 opinionum
792 2279 1066 2342 conditoresnobis

87 2365 718 2439 natisunt,nobisvitampraeparaverunt.
740 2364 836 2426 adres
846 2365 1066 2441 pulcherrimas

88 2465 131 2510 ex
154 2449 288 2508 tenebris
313 2450 352 2508 ad
377 2450 476 2509 lucem
496 2454 597 2508 erutas
623 2446 722 2508 alieno
747 2447 853 2509 labore
876 2449 1065 2510 deducimur.

88 2532 175 2594 nullo
197 2531 413 2593 nobis‘saeulo
429 2532 621 2592 interdictum
634 2539 696 2606 est,
722 2529 752 2590 in
769 2535 870 2593 omnia
884 2533 1066 2595 admittimur

88 2624 135 2690 et,
162 2615 188 2674 si
213 2617 421 2690 magnitudine
443 2615 661 2690 animiegredi
686 2615 839 2677 humanae
862 2616 1065 2678 inbecillitatis

89 2700 248 2774 angustias
264 2700 353 2772 libet,
379 2702 519 2773 multum,
546 2715 602 2774 per
617 2700 702 2779 quad
721 2701 900 2775 spatiemur,
919 2700 1065 2777 temporis

88 2791 148 2844 est.
169 2781 334 2857 Disputare
349 2799 417 2842 eum
430 2783 556 2845 Sacrate
570 2784 649 2855 licet
665 2783 805 2844 dubitare
820 2800 889 2843 cum
901 2784 1096 2854 Carneadea

89 2883 162 2928 eum
183 2864 316 2939 Epicuro
343 2865 517 2940 quiescere,
541 2865 673 2926 hominis
699 2869 838 2926 naturam
862 2882 932 2925 eum
955 2865 1067 2924 Stoicis

90 2952 231 3021 vincere,
255 2963 322 3007 eum
338 2947 462 3025 cynicis
483 2947 649 3018 excedere,
678 2964 771 3020 quum
790 2963 892 3007 rerum
915 2953 1024 3006 natura
1035 2947 1067 3004 in

91 3031 282 3094 consortium
301 3028 400 3090 omnis
415 3029 483 3090 aevi
499 3028 630 3104 patiatur
642 3029 796 3090 incedere.
831 3029 939 3104 Quidni
955 3029 993 3090 ab
1007 3028 1068 3089 hoc

91 3117 204 3192 exiguo
221 3122 251 3175 et
266 3115 383 3176 caduco
399 3113 544 3189 temporis
559 3113 689 3173 nansitu
702 3113 732 3173 in
749 3115 800 3174 illa
812 3120 877 3175 toto
889 3131 946 3176 nos
959 3114 1067 3174 demus

91 3199 209 3273 anima,
225 3213 305 3274 quae
319 3199 472 3272 inmensa,
490 3212 569 3272 quae
585 3204 709 3258 aeterna
723 3206 808 3272 sunt,
828 3214 907 3274 quae
923 3200 991 3258 eum
1004 3200 1068 3256 me-

91 3283 220 3343 lioribus
236 3280 429 3344 communiat
457 3283 525 3356 Isti,
544 3282 599 3356 aui
614 3297 670 3356 per
686 3282 789 3343 allicia
804 3282 993 3353 discursant,
1018 3280 1098 3355 qula

92 3383 128 3427 se
149 3366 289 3443 aliosque
308 3363 505 3442 inquietant,'
519 3381 587 3426 eum
607 3364 686 3426 bene
701 3365 895 3439 insanierint,
921 3381 989 3425 euna
1005 3378 1068 3422 om-

90 3451 174 3513 nium
189 3449 292 3511 limina
307 3449 712 3526 cotidie‘perambulaverint
725 3467 782 3511 nee
797 3451 874 3510 ullas
887 3454 1008 3523 apertas
1024 3447 1038 3504 l
1057 3479 1068 3487 -

849 3532 903 3592 14*
