2378 3856
44 146 64 185 ¹*
183 201 477 266 nccrnnnncuu
493 199 757 267 nncvrnunns
776 199 844 261 su.
867 202 919 260 nv.
941 202 979 260 v.
1036 200 1075 264 re

766 298 783 338 l

87 376 161 426 num
177 357 328 419 debilitari
349 361 401 431 cut
420 355 589 430 constringi
604 361 656 415 eut
670 353 813 429 adligari,
831 356 929 416 mulos
949 355 1075 430 integris

86 442 273 520 corporibus
294 442 413 501 solutos
429 455 467 500 uc
486 440 636 500 delicatos
658 438 832 499 incedere.“
861 439 941 513 Quid
961 445 1077 515 porro?

86 545 150 593 non
173 534 222 587 est
241 526 379 601 iniquum
401 524 497 584 fortes
516 522 602 583 viros
622 536 708 582 erma
728 537 850 584 sumere
870 530 900 584 et
918 522 1075 601 incastris

87 617 272 688 pernoctare
287 616 317 669 ct
330 625 388 686 pro
400 609 481 670 valio
495 607 636 683 obligetis
651 614 734 667 sture
747 606 942 678 volneribus,
957 607 1076 667 interim

87 699 117 757 in
133 695 212 757 urbe
226 709 355 767 securos
369 706 442 753 esse
457 691 617 767 praecisos
628 698 660 752 et
673 692 834 765 professos
846 691 1077 766 inpudicitiuns

87 780 165 856 quid
191 785 305 854 porros
330 793 392 837 non
415 783 463 835 est
487 775 627 850 iniquum
646 775 854 857 nobilissimos
877 775 1012 850 virgines
1035 775 1077 836 ad

88 879 180 924 socru
200 858 341 921 iacienda
361 858 503 921 noctibus
523 858 666 932 excitari,
688 859 837 921 altissimo
852 875 961 922 somno
976 859 1076 935 inqui·

89 956 178 1008 nutas
194 945 273 1005 irui‘i
293 945 396 1006 Labor
411 943 543 1019 optimos
559 943 645 1004 citet=
666 951 792 1004 senatus
813 959 871 1019 per
884 950 982 1004 toturn
997 943 1106 1009 diemi

90 1045 188 1107 soepc
200 1029 384 1104 consulitur,
400 1043 470 1088 curn
483 1027 534 1088 iiio
546 1033 687 1102 ternpore
698 1028 866 1089 vilissimus
877 1029 1012 1104 quisque
1026 1033 1078 1088 eut

90 1116 120 1176 in
144 1129 254 1190 cumpo
277 1112 369 1173 otium
392 1128 481 1172 suurn
501 1110 632 1171 obiectet
652 1118 704 1172 cut
724 1112 754 1171 in
777 1113 894 1187 popina
914 1113 1007 1174 luteot
1026 1117 1079 1171 eut

64 1207 211 1274 'tempus
232 1196 264 1258 in
284 1197 388 1272 atiquo
409 1197 524 1256 circuio
544 1202 632 1256 teret.
664 1194 745 1255 idern
768 1195 798 1254 in
819 1196 878 1256 hnc
898 1211 1011 1270 magno
1029 1208 1077 1254 re·

90 1282 215 1358 publica
234 1280 289 1341 iiti
303 1278 379 1342 boni
394 1280 452 1340 viri
472 1279 625 1353 laborent,
646 1278 840 1353 impendunt,
861 1279 1078 1354 impenduntur

91 1373 129 1426 et
151 1366 335 1427 volentes
362 1363 529 1440 quidem,
556 1378 618 1424 non
644 1360 802 1423 trahuntur
826 1379 845 1423 a
866 1363 1002 1436 fortune,
1028 1377 1076 1422 se

91 1457 225 1526 quuntur
244 1448 327 1510 iliam
342 1454 372 1508 et
386 1451 521 1523 aequent
533 1447 657 1522 gradus
680 1446 707 1506 si
728 1447 875 1521 scissent,
892 1445 1076 1508 antecessis-

90 1542 169 1594 sent.
190 1531 277 1594 Hunc
292 1548 418 1610 quoque
429 1530 602 1593 >animosam
617 1529 761 1592 Demetrii
782 1530 939 1592 fortissimi
953 1530 1010 1590 viri
1019 1541 1107 1594 ·vo·5

90 1633 160 1678 cem
180 1617 306 1678 audisse
322 1631 372 1677 me
384 1614 525 1677 memini:
543 1615 608 1677 Hoc
621 1632 727 1690 mum,
748 1615 861 1691 inquit,
883 1616 921 1676 de
934 1616 1026 1688 vodis,
1047 1614 1081 1674 di

92 1705 281 1777 inmortales,
302 1703 390 1777 pueri
402 1715 539 1777 possum
559 1701 640 1776 qdod
656 1716 715 1760 non
733 1707 804 1760 ente
817 1699 891 1760 miiri
902 1703 1079 1760 voluntatem

91 1793 218 1846 vestram
243 1791 343 1846 notam
362 1785 487 1860 fecistis.
509 1786 600 1862 prior
618 1787 696 1844 enim
720 1783 764 1844 ud
780 1786 839 1844 istc
858 1785 1013 1855 decim,
1036 1783 1081 1842 ad

89 1885 169 1944 quoe
182 1887 262 1930 nume
276 1874 395 1930 uocatus
414 1869 530 1930 adsum.
558 1869 651 1930 Vcdtis
670 1867 778 1929 liberos
792 1883 925 1930 sumere:
944 1867 1024 1928 cobis
1036 1869 1078 1927 it-

90 1957 135 2013 les
155 1957 268 2014 sustuli.
309 1953 402 2013 Voltis
421 1955 554 2028 aliquem
569 1957 689 2030 purtem
709 1954 859 2028 corporis.-
878 1953 992 2012 sumite.
1018 1967 1099 2011 mon,

91 2052 233 2110 meddam
246 2052 310 2098 rem
321 2039 468 2112 promitto.
495 2039 553 2098 cito
567 2043 656 2098 totum
667 2039 847 2113 relinquam.
876 2037 970 2097 Vultis
982 2036 1078 2110 spiri-

93 2127 171 2178 tum.-
192 2115 319 2193 quidni?
338 2121 452 2180 nullam
465 2134 580 2181 morem
590 2121 725 2196 seciam,
746 2137 803 2195 quo
817 2122 914 2180 mimus
926 2120 1080 2195 recipiatis

92 2201 174 2276 quod
192 2202 323 2261 dedistis.
355 2219 376 2262 u
394 2206 506 2264 volente
526 2203 634 2278 feretis
653 2205 796 2279 quiequid
818 2206 972 2280 petieritis.
1002 2202 1107 2274 Quidti
1166 2261 1168 2264 .

92 2299 166 2359 erpo
179 2281 246 2345 est?
265 2285 433 2345 maluissem
447 2284 559 2359 offerre
572 2303 663 2360 quum
677 2288 808 2348 tradere.
837 2288 912 2362 quid
927 2304 1002 2363 opus
1018 2285 1081 2359 fuit

46 2370 49 2375 ’
92 2365 244 2442 auferre?
263 2369 401 2444 accipere
417 2371 561 2446 potuistis.
583 2369 640 2430 sed
650 2385 688 2429 me
700 2384 781 2432 nunc
794 2371 913 2445 quidem
926 2370 1079 2445 auferetis,

91 2456 164 2529 quia
176 2454 253 2515 nihil
270 2454 399 2530 eripitur
412 2454 473 2514 nisi
490 2453 635 2514 retmenii.
664 2453 746 2513 Nidd
763 2469 867 2529 cogor,
888 2457 964 2516 nidd
979 2457 1081 2531 patior

92 2538 200 2599 invitus
214 2554 270 2599 nec
282 2539 379 2599 servio
389 2537 454 2612 deo,
467 2537 523 2598 sed
533 2537 693 2610 adsentior,
707 2553 742 2598 eo
752 2536 869 2614 cuidem
882 2542 986 2614 mape‘s,
1002 2539 1083 2614 qued

91 2623 154 2682 scio
167 2625 265 2683 omniu
278 2629 361 2684 certe
375 2628 405 2683 et
415 2625 446 2684 ic
461 2628 613 2687 aeternum
624 2622 705 2685 dictu
719 2625 783 2696 depe
797 2623 967 2685 decurrere.
988 2622 1107 2689 Fater
1122 2630 1123 2633 ’

94 2720 165 2765 nos
187 2705 333 2766 ducunt
353 2713 384 2766 et
405 2713 551 2782 quantum
566 2705 678 2779 cuique
695 2706 841 2779 temporis
856 2712 966 2777 restet,
982 2705 1081 2781 prima

93 2788 285 2848 nascentium
307 2788 384 2847 hora
404 2788 567 2868 disposuit.
597 2804 692 2849 ceusu
708 2787 823 2862 pendet
836 2802 876 2846 ex
892 2803 995 2848 ceusu.
1019 2789 1080 2861 pri-

91 2876 166 2930 vate
187 2885 224 2929 ec
246 2870 370 2943 publica
389 2871 499 2944 longus
521 2871 597 2930 ordo
617 2887 719 2930 rerum
740 2869 846 2930 trahite
871 2869 942 2930 idco
964 2869 1082 2929 fortiter

93 2968 193 3017 omne·
211 2951 390 3034 patiendum
417 2960 479 3026 cst,
505 2950 676 3028 quianon,
702 2959 737 3011 ut
760 2959 921 3026 putamus,
945 2950 1082 3012 incidunt

93 3044 218 3110 emnem,
239 3035 299 3098 sed
312 3031 448 3096 ‘veniunt
471 3036 542 3097 olim
558 3036 754 3099 constitutum
775 3042 823 3096 est
844 3035 918 3112 quid
933 3035 1080 3112 gaudeas,

94 3120 169 3198 quid
190 3117 283 3194 fleus,
307 3127 337 3181 et
353 3121 493 3196 quumvis
508 3133 619 3197 magna
632 3119 773 3181 videatur
784 3120 931 3182 varietate
946 3121 1080 3196 singulo-

92 3221 160 3265 rum
172 3205 235 3268 vite
245 3204 404 3283 distingui,
420 3220 540 3266 summa
554 3205 583 3265 in
598 3221 690 3265 unum
702 3207 800 3266 venit:
816 3205 985 3282 accipimus
1001 3203 1081 3280 peri·

92 3296 162 3351 tura
183 3287 318 3365 perituri.
346 3287 424 3363 Qud
445 3289 548 3366 itaque
570 3289 785 3365 indignamur
810 3289 883 3366 quid
906 3289 1114 3367 querimurttt

92 3372 134 3435 ed
154 3370 215 3436 hoo
237 3373 334 3451 pecati
355 3388 472 3437 sumus.
500 3379 602 3436 utatur
614 3380 648 3437 ut
661 3376 726 3436 vult
740 3374 805 3443 suis
821 3381 928 3436 natura
943 3371 1081 3452 corpori-

92 3456 167 3517 bus=
189 3472 247 3517 nos
269 3457 339 3518 lueti
362 3457 402 3518 ud
424 3458 527 3518 omniu
545 3466 574 3518 et
596 3459 690 3520 iortes
706 3459 876 3534 cogitemus
891 3455 963 3518 „jn”
986 3456 1081 3516 “rire
