2378 3856
221 574 909 676 ruln.·nim11rurnrlrn.
966 521 970 530 ‘

504 822 629 833 n—-a--n—

51 1031 55 1035 -
123 955 160 1048 ll·
178 996 275 1045 Annaei
295 994 407 1046 Seneoee
424 995 482 1046 libri
501 1010 653 1060 quemquem
672 995 778 1047 multum
798 995 857 1046 lecti
873 1009 920 1048 nec
938 1008 993 1047 raro
1011 997 1073 1049 editi

53 1071 129 1122 eunt,
151 1072 237 1114 temen
254 1064 307 1114 dici
326 1078 376 1114 non
392 1072 491 1130 potest,
515 1072 577 1128 quot
593 1065 677 1126 vitiis,
695 1074 758 1128 quot
774 1064 1011 1129 interpolationibus
1028 1065 1073 1116 ob·

53 1132 122 1181 aenei
146 1131 254 1193 inerint,
279 1135 361 1184 denae
386 1148 467 1198 nuper
488 1134 626 1184 admodum
647 1143 748 1184 strenua
760 1134 875 1184 ¹Ficlrerti
891 1148 968 1198 opera
981 1149 1073 1185 novam

53 1212 138 1264 paene
152 1200 243 1252 iaolem
262 1202 411 1261 induerunt,
429 1217 495 1264 quea
509 1203 543 1252 ed
559 1217 643 1252 veram
660 1215 690 1253 eo
707 1203 845 1266 sumnam
858 1216 939 1265 prope
954 1204 1072 1258 accedun

55 1271 210 1334 comparatio
232 1272 302 1321 euim
325 1269 369 1320 ille
386 1280 411 1320 et
429 1271 582 1321 editionibus
600 1271 729 1334 prioribus
746 1283 829 1334 paene
846 1271 964 1320 omnibue
983 1279 1007 1320 et
1027 1286 1073 1320 ex·

17 1338 288 1472 uariauit*
306 1339 977 1471 'liidie*lt‘qtliilitinliililti
989 1354 1073 1457 liii

286 1444 295 1472 5
485 1443 491 1466 i
698 1443 705 1467 5

13 1477 151 1545 gpotmt,
175 1477 245 1540 qnod
268 1491 343 1527 nemo
367 1485 426 1526 ante
449 1491 520 1535 eum,
544 1484 572 1525 ut
594 1489 645 1526 non
668 1477 764 1539 aliquot
782 1477 844 1527 locie
860 1477 958 1542 passim
976 1475 1073 1539 aliquid

21 1543 148 1608 qmeliue
170 1555 315 1608 quaereret,
341 1546 387 1596 aed
410 1545 554 1610 exploraret
575 1547 682 1608 ubique,
704 1546 766 1608 quid
783 1560 869 1596 verum
888 1553 962 1595 esset
1000 1544 1073 1604 Quod

10 1614 105 1676 &qua
122 1615 271 1679 prudentia,
291 1630 342 1678 qna
358 1615 491 1681 diligentia
507 1614 656 1679 perfecerit,
682 1614 742 1665 nolo
761 1628 827 1664 nunc
846 1615 872 1663 in
889 1617 971 1664 amieo
990 1621 1073 1664 vetere

53 1681 175 1733 laudibus
190 1683 333 1745 celebrum,
358 1685 386 1734 id
400 1684 471 1747 quod
488 1693 512 1733 et
530 1682 574 1734 elii
592 1684 706 1733 fecerunt
721 1691 779 1732 enta
796 1697 836 1746 me
855 1691 879 1731 et
898 1682 991 1732 facient
1006 1695 1072 1731 aem·

10 1709 101 1819 N{per
111 1753 264 1814 quicumque
281 1760 396 1804 accurate
410 1767 564 1819 cognoscere
577 1752 673 1810 volent,
691 1751 754 1814 quid
767 1765 867 1813 quoque
882 1749 939 1799 loco
949 1748 1072 1800 Senecam

28 1820 191 1884 voeripoleae
215 1821 355 1871 verieimile
376 1823 417 1871 ait.
462 1820 548 1884 Neque
571 1828 656 1870 temen
680 1819 832 1870 medendum
855 1826 908 1880 eet,
932 1817 996 1868 nihil
1019 1818 1072 1868 iere

10 1859 198 1953 &Flammam
218 1902 249 1938 ex
266 1891 299 1940 iia
317 1889 408 1954 reliqui
425 1888 530 1948 iaciente,
547 1890 649 1952 quaein
664 1887 811 1954 philosophi
826 1888 986 1938 disertissimi
1000 1886 1071 1936 libris
1166 1929 1170 1936 .

52 1955 245 2022 philologomm
261 1959 346 2008 atndie
363 1959 556 2025 exepemabant3
575 1966 676 2008 nunaut
693 1956 738 2008 illa
755 1958 881 2017 omittere,
898 1955 1071 2019 quaeFioker·

52 2033 97 2072 tue
119 2037 147 2073 ee
170 2033 379 2088 pertractaturum
396 2025 525 2092 pollicitus
543 2034 583 2076 eet
600 2026 730 2077 volumina
747 2032 849 2088 quarto,
874 2025 905 2074 de
921 2039 971 2087 quo
985 2037 1071 2073 aurem

54 2091 80 2140 ei
96 2092 235 2154 pervellere
253 2108 304 2144 nou
322 2096 430 2154 deuicto,
453 2097 536 2159 ipsam
554 2095 630 2144 etiam
647 2095 782 2146 vorborum
801 2092 1002 2143 emendationem
1021 2104 1071 2140 non

52 2159 140 2226 potuit
155 2172 221 2209 uuna
234 2160 311 2211 home
325 2162 469 2222 abaolrere,
491 2163 639 2226 praesertim
651 2163 694 2224 qui
710 2162 739 2213 id
754 2175 803 2211 non
816 2161 980 2226 umoepieeet.
1010 2157 1072 2210 cum

52 2229 123 2279 enlm
148 2227 199 2277 duo
223 2227 287 2277 llaec
307 2231 358 2278 elnt
382 2231 429 2278 arti
447 2231 547 2279 criticae
562 2230 707 2293 proposito,
729 2230 839 2292 primum
856 2235 884 2277 ut
902 2242 933 2277 eu
950 2227 1072 2290 omnaque

53 2297 113 2347 libri
130 2295 213 2346 iorma
232 2297 383 2361 reperiatur,
410 2312 475 2360 quea
487 2294 619 2347 'codicibus
634 2311 695 2346 mae.
715 2296 858 2346 continetur
872 2295 968 2359 optima
983 2301 1010 2346 et
1028 2309 1073 2345 uu·

52 2367 214 2429 thnieeima,
240 2365 332 2415 deinde
356 2380 417 2415 vero
438 2372 467 2414 ut
487 2365 569 2430 prima
590 2364 634 2413 ille
657 2365 806 2430 indagetur,
832 2378 899 2426 quae
920 2364 952 2415 ab
970 2370 1073 2414 auctore

54 2436 112 2500 ipro
125 2434 242 2500 moieota
261 2442 316 2495 eet,
341 2448 406 2497 quae
429 2433 533 2497 quidem
556 2433 730 2500 eoepe‘louge
751 2433 882 2498 discrepat
900 2447 917 2482 a
932 2432 1072 2492 oommbm,

54 2501 303 2567 Fickertouqnidem
318 2518 391 2553 auem
405 2501 562 2569 diligentiam
577 2503 604 2552 in
618 2503 702 2568 priore
715 2502 761 2552 illa
775 2509 848 2568 perta
863 2502 986 2553 continuit
997 2501 1071 2561 eaeo,

54 2579 83 2623 ut
106 2585 182 2623 unam
208 2572 520 2623 librarumanotoritutem
537 2579 639 2622 eeootue
656 2586 846 2634 nonnumquam
866 2570 943 2621 telem
961 2568 1072 2620 Senecae

55 2642 195 2692 orationem
212 2640 338 2701 efiiceret,
362 2641 462 2705 qualem
484 2641 538 2691 eine
556 2653 607 2692 non
625 2640 706 2692 luiaee
723 2640 765 2692 vel
782 2641 840 2705 ipae
857 2639 955 2690 monuit
974 2638 1015 2703 rel
1031 2653 1071 2687 er-
1116 2700 1123 2707 ¹

53 2712 184 2776 momentis
205 2711 282 2761 certia
303 2711 471 2761 demonstrari
496 2717 589 2774 pateat.
626 2709 795 2769 Quamobrem
816 2708 878 2772 qnid
896 2707 960 2758 mill
973 2705 1072 2762 consilii

10 2798 12 2803 ’
53 2777 132 2828 inerit
154 2780 180 2828 ln
203 2792 270 2829 nova
292 2778 474 2830 beneditione
497 2779 652 2828 instituenda
673 2777 747 2828 facile
765 2776 922 2843 intelligitur.
959 2776 1071 2826 Primum

10 2893 12 2897 .
54 2849 122 2896 onim
141 2848 168 2898 id
184 2850 238 2913 egi,
258 2855 286 2898 ut
303 2854 446 2898 constanter
464 2862 584 2909 sequerer
599 2847 753 2911 optimorum
771 2845 886 2896 codicum
900 2844 977 2895 iidem
995 2843 1022 2891 in
1039 2841 1072 2892 iia

55 2916 120 2965 lucie
142 2918 273 2982 omnibns,
299 2919 325 2966 iu
344 2917 437 2980 quibua
460 2915 615 2981 probabilem
636 2915 787 2979 scripturam
805 2911 936 2973 offerrem,
958 2911 986 2962 id
1003 2911 1070 2974 qued

55 2984 186 3035 lllokertua
201 2986 277 3035 modo
294 2987 392 3044 aciens,
410 2984 577 3034 modoetiam
595 2983 697 3032 uescina
711 2990 736 3033 et
752 2982 846 3032 inritus
860 2994 912 3030 nou
919 2994 1022 3046 eemper
1034 2978 1071 3030 ie·
1156 3022 1159 3031 .

53 3055 98 3103 eit.
133 3053 233 3104 Deinde
252 3069 313 3104 vero
336 3055 380 3103 ubi
400 3053 523 3103 librorum
546 3052 662 3102 omnium
685 3052 835 3116 scripturam
853 3056 996 3116 corruptam
1014 3061 1071 3098 eene

54 3121 181 3184 intellexi,
208 3136 259 3172 non
279 3122 393 3174 dubitaui
415 3129 460 3172 aut
482 3134 540 3170 mea
562 3119 648 3182 eliqua
668 3127 713 3170 ant
736 3118 820 3168 aliena
837 3120 979 3169 coniectura
995 3131 1070 3182 opem

56 3190 135 3253 ferre,
154 3192 223 3256 quod
237 3190 280 3242 ille
294 3204 346 3242 nou
362 3190 416 3240 iere
431 3190 491 3240 lecit
506 3189 558 3240 on'ei
570 3189 652 3239 nimia
665 3187 776 3251 quadam
793 3188 943 3239 nmmaitate
957 3191 1068 3236 coenae.

57 3256 139 3317 Quare
159 3257 264 3321 accidit,
287 3268 316 3310 ut
336 3258 402 3308 haec
422 3266 509 3308 nostra
531 3258 610 3308 editio
630 3255 701 3307 baud
718 3271 775 3306 raro
793 3272 810 3306 a
826 3255 934 3306 Fickerti
952 3250 1070 3315 exemplo

57 3327 182 3391 diemdut,
201 3329 271 3392 quod
287 3328 332 3392 qui
347 3327 540 3390 improbandum
556 3325 691 3386 iudicabit,
709 3324 857 3390 ioproieoto
868 3321 1011 3375 coniunctio
1023 3321 1071 3369 cri-

57 3398 180 3460 minibus,
206 3413 271 3460 quae
291 3402 409 3462 seperate
431 3408 488 3444 eeae
508 3395 604 3476 colent,
629 3395 734 3444 nimiam
755 3392 831 3442 eimul
850 3399 875 3500 {t
892 3387 1071 3451 insequendis
1144 3397 1146 3400 ⁴
