2378 3856
118 186 182 253 280
389 189 422 247 L.
444 184 590 246 ΑΝΝΑΕΙ
614 182 789 244 SENECAE

122 344 202 417 quit,
223 342 332 413 Cinna,
355 342 460 399 iterum
482 338 534 411 do,
551 340 642 413 prius
657 337 746 407 boeti,
767 352 848 397 nune
866 338 1040 399 mann·
1060 354 1097 399 ce

119 425 305 501 parricidae.
341 422 392 482 Ex
407 422 551 483 boticem
566 422 710 481 dictator
728 435 782 481 nos
804 422 939 481 mettio
962 422 1097 499 incipiat

121 508 344 579 contenanum,
370 512 470 567 amum
488 520 543 579 eoo
561 503 759 576 melioreflde
777 504 866 564 otton
885 504 941 565 toi
962 504 1097 565 &deren

83 610 162 662 raon
176 599 209 652 tu
222 591 339 652 debeas.
366 588 439 650 Post
453 588 514 649 hoc
529 585 635 648 detulit
651 588 730 647 ultro
746 588 940 649 consulatum
955 594 1094 663 questus,

124 674 207 750 quod
222 691 284 736 non
299 673 426 734 auderet
439 680 554 747 petere.
582 668 801 730 amicissimum
818 670 1095 747 tocumimumque

122 758 234 819 habuit.
266 757 357 817 heres
380 757 465 816 solus
486 756 541 815 lbit
560 754 612 814 illi.
641 754 730 814 nullis
752 753 882 829 arnplius
911 752 1038 815 insidiis
1057 754 1095 815 ab

121 843 184 903 ullo
201 840 312 916 petitus
326 847 383 900 est.

95 944 108 993 1
184 924 221 984 Χ.
242 922 361 999 Ignovit
382 922 499 980 abavus
520 928 591 980 tuus
612 921 711 980 victis.
739 936 809 982 nam
829 920 856 981 si
875 936 939 982 non
960 922 1094 995 ignovis-

123 1018 183 1079 set,
207 1006 319 1081 quibus
334 1006 538 1079 imperassem
559 1002 735 1065 Sallustium
750 1014 780 1065 et
795 1002 945 1065 Cocceios
965 1008 999 1065 ot
1016 1004 1093 1067 lleil

123 1092 180 1151 lios
198 1097 336 1150 ettotam
357 1087 513 1147 cohortem
535 1086 650 1163 primae
670 1086 867 1149 admissionis
886 1102 928 1149 ex
948 1088 1093 1149 eduma-

122 1176 236 1234 riorum
263 1170 373 1233 castris
402 1170 594 1246 conscripsit.
637 1170 698 1230 iam
724 1170 889 1245 Domitios,
920 1170 1093 1245 Masada,

122 1258 262 1329 Asinius,
279 1255 441 1316 Cicerones
456 1261 487 1314 et
502 1253 649 1329 quicquid
664 1253 750 1315 lloris
763 1256 796 1316 in
811 1255 1022 1330 civitateerat,
1036 1255 1091 1317 cle

124 1341 253 1402 montiae
274 1355 350 1400 suae
371 1338 511 1398 debebat
547 1339 647 1413 ipsum
671 1337 820 1414 Lepidum
845 1338 996 1415 quamdiu
1019 1336 1093 1401 mori

124 1441 238 1502 passus
252 1430 322 1484 estt
348 1437 404 1496 per
423 1422 534 1482 multos
549 1436 648 1482 annos
662 1421 728 1481 tulit
750 1428 929 1483 ornamenta
947 1421 1093 1499 principit

121 1509 299 1569 retinentem
325 1512 355 1563 et
380 1504 589 1579 ponuucatum
613 1505 777 1565 maximum
802 1522 865 1567 non
888 1504 952 1567 nisi
975 1512 1092 1568 mortuo

122 1593 174 1651 illo
186 1588 343 1650 transferri
363 1586 444 1648 inse
468 1604 583 1663 passus
602 1595 659 1648 est
687 1588 792 1649 maluit
804 1589 884 1649 enim
897 1589 984 1651 illum
997 1588 1092 1651 beno·

95 1688 185 1739 arem
201 1672 304 1733 vocari
320 1688 410 1747 quam
429 1670 571 1746 spolium.
606 1671 690 1732 ilaec
710 1687 780 1732 eum
801 1672 964 1733 clementia
982 1672 1026 1735 ed
1046 1686 1092 1733 n·

123 1760 213 1819 lutem
229 1756 486 1829 securitatemque
505 1755 656 1829 perduxit.
684 1753 763 1815 haec
782 1762 902 1830 gratim
920 1770 959 1816 ac
975 1756 1090 1817 levus

122 1842 213 1901 bilem
228 1839 374 1910 reddidit,
391 1841 529 1913 quamvis
544 1837 680 1897 nondum
695 1837 831 1899 subactis
842 1840 951 1914 popuii
964 1837 1092 1901 Romani

123 1922 295 1983 cervicibus
313 1939 435 1982 manum
455 1920 655 1996 inposuisset
691 1921 768 1982 haec
787 1922 943 1998 hodieque
958 1927 1094 1999 praesta

93 2007 163 2073 silli
179 2008 304 2079 lamam,
322 2021 401 2081 quae
417 2006 467 2065 vix
481 2003 561 2064 vivis
579 2003 768 2081 principibus
783 2005 888 2067 servit.
908 2005 1012 2067 Deum
1024 2020 1094 2069 ceso

122 2107 183 2151 non
208 2099 363 2164 tamquam
385 2089 462 2149 iussi
486 2087 649 2149 credimus.
679 2090 803 2162 [bonum
827 2105 900 2150 esse
924 2088 1093 2167 principem

122 2176 317 2249 Augustum]
339 2174 418 2233 bene
433 2170 476 2232 illi
490 2172 674 2233 convenisse
688 2174 824 2248 parentis
837 2188 951 2235 nomen
965 2174 1094 2235 letemm

123 2258 162 2319 ob
178 2257 291 2318 nullam
306 2256 394 2316 aliam
411 2271 550 2329 causam,
576 2272 668 2331 quarn
691 2256 776 2332 quod
796 2257 999 2319 contumelias
1019 2272 1092 2333 quo·

123 2357 183 2416 que
199 2356 288 2414 suas,
305 2355 384 2415 quae
399 2339 575 2400 acerbiores
589 2340 779 2416 principibus
795 2342 895 2409 solent
910 2354 989 2403 esse·
1003 2356 1093 2419 qnam

122 2424 265 2497 iniuriae,
280 2424 363 2483 nulla
381 2423 558 2482 crudelitate
573 2424 810 2498 exsequebatur.
833 2424 917 2499 quod
931 2423 1093 2501 probrosis

121 2508 151 2565 in
168 2523 203 2567 se
218 2507 308 2567 dictis
328 2504 449 2579 adrisit,
473 2505 557 2580 quod
574 2506 649 2565 dare
670 2506 753 2567 illum
776 2523 894 2583 poenus
915 2507 1093 2583 moerent

123 2604 191 2649 eum
216 2589 367 2661 exigeret,
396 2588 481 2663 quod
503 2604 715 2663 quoscumque
740 2591 780 2652 ob
807 2591 991 2653 adulterium
1015 2590 1093 2651 illito

123 2686 198 2732 suae
213 2670 425 2741 damnaverat,
449 2670 529 2729 adco
544 2687 606 2730 non
621 2670 747 2747 occidit,
768 2681 801 2734 ut
816 2673 952 2735 dmissis
967 2690 1033 2751 qno
1048 2680 1091 2733 tu·

93 2757 215 2817 otiores
230 2759 336 2814 essent
356 2753 522 2828 diplomata
544 2754 645 2813 daret:
673 2754 733 2815 hoc
755 2765 803 2818 est
823 2756 1003 2833 ignoscere,
1025 2771 1093 2817 cum

122 2839 204 2900 scias
215 2837 326 2899 multos
342 2839 477 2911 luturoS‚
500 2837 552 2913 qui
567 2844 669 2913 prote
685 2836 857 2901 irascantur
877 2847 909 2901 et
921 2840 977 2901 ttbt
993 2839 1094 2901 ebeno

122 2923 271 2998 sanguine
296 2922 518 2996 gratificentur,
542 2937 603 2981 non
629 2922 703 2981 dare
729 2928 844 2985 tautum
869 2924 1016 2998 salutm,
1037 2922 1095 2983 sed

122 3013 290 3082 praestare.
327 3006 411 3066 llaec
424 3006 584 3078 Augustus
600 3020 698 3065 senex
712 3013 765 3067 aut
777 3007 838 3067 iam
852 3008 883 3067 in
903 3012 1096 3068 senectutem

121 3091 209 3150 annis
222 3088 426 3163 vergentibus.
448 3089 477 3147 in
489 3088 698 3150 adulescentia
712 3089 816 3164 caluit,
836 3088 913 3152 arsit
926 3088 983 3164 lra,
1000 3088 1097 3149 multa

121 3174 205 3243 lecit,
228 3173 268 3231 ad
284 3187 362 3246 quac
377 3169 490 3231 invitus
507 3173 615 3233 oculos
629 3173 836 3249 retorquebat.

93 3264 108 3314 1
182 3256 232 3316 xl.
256 3255 431 3329 conparare
450 3270 539 3315 nemo
558 3257 783 3317 mansuetudini
810 3265 882 3319 tuae
901 3256 1034 3319 audebit·
1050 3253 1096 3315 di·

122 3357 192 3399 vum
201 3339 385 3412 Augarstum,
412 3336 530 3396 etiamsi
544 3338 575 3396 in
590 3345 741 3400 certamen
753 3339 930 3403 iuvenilium
943 3352 1098 3402 annorum

123 3420 284 3481 deduxerit
299 3425 487 3481 senectutem
502 3421 572 3496 plus
589 3436 681 3497 quam
695 3431 857 3485 maturamz
884 3424 975 3487 luerit
988 3422 1098 3486 mode-
