2378 3856
165 194 228 259 236
354 194 388 252 L.
410 190 557 253 ANNAEI
581 189 757 251 SENECAE
780 190 882 253 DIAL.
899 190 951 249 xl.

166 354 194 406 te
215 344 257 405 ilii
278 342 410 405 iudicem
430 343 497 403 dics
518 339 632 402 iecerit.
656 349 727 401 tnnc
741 340 821 401 enim
835 339 953 416 poteris
967 342 998 402 in
1013 342 1141 418 gratian

166 445 234 490 cum
249 429 301 487 iila
317 427 428 487 redire.
451 441 521 485 narn
533 425 627 486 matta
641 424 789 500 providit,
813 424 926 498 quibus
938 425 1023 487 hanc
1039 441 1142 487 emen-

166 513 252 573 daret
269 511 418 570 iniuriam.
453 511 547 570 muita
560 508 733 569 etiamnunc
746 508 845 581 dabit,
870 508 986 583 quibus
1000 507 1142 571 redimat

166 594 300 669 denique
326 591 427 668 ipsum
454 591 529 666 hoc,
556 592 641 665 quod
665 591 801 663 abstulit,
829 591 900 665 ipsc
923 592 1058 654 dederat
1079 592 1139 655 iib't

103 673 889 751 .tNoiiergocontrateingenioutituo,
899 674 1140 739 noliadeeee

165 761 293 822 dolori
307 768 383 821 tuo.
414 765 516 834 potest
529 756 654 832 quidem
666 756 844 831 ctoqientto
856 763 924 832 tua,
948 774 1034 835 quae
1050 774 1140 836 parra
1179 790 1183 849 p

165 851 250 914 sunt,
272 843 445 938 adprobare
461 857 516 914 pro
531 841 666 915 magnis,
681 855 790 901 rursus
804 854 915 915 magna
928 842 1100 905 adtenuare
1111 848 1139 905 et
1179 864 1182 901 ι

165 928 204 986 ad
218 926 343 985 minima
356 926 520 984 deducere.
544 923 601 982 sed
611 923 672 984 aiio
684 924 744 983 ista
753 923 834 983 vires
846 931 1050 1001 servetauas,
1062 940 1182 987 nune

165 1017 228 1070 tota
248 1024 283 1067 se
305 1008 335 1067 in
358 1006 498 1067 solatium
518 1013 604 1067 tuum
625 1007 772 1067 conferat.
806 1004 870 1067 Sed
890 1015 992 1069 tamen
1015 1006 1136 1085 dispicit

165 1106 204 1150 nc
218 1090 299 1151 hoc
291 1106 352 1151 ram
362 1105 488 1166 quoque
502 1089 604 1164 ipsam
618 1088 658 1149 sit
672 1104 908 1165 supervacuum.
932 1091 1054 1167 aliquid
1064 1091 1135 1153 eninr

136 1184 184 1235 ea
199 1174 289 1235 nonis
308 1183 417 1235 natura
436 1174 545 1247 exigit,
569 1173 638 1248 pius
653 1173 786 1234 vanitate
800 1173 997 1235 contrahitur.
1032 1175 1134 1237 Nem-

165 1273 273 1334 quam
296 1265 418 1319 autem
433 1273 503 1332 ego
519 1274 538 1317 a
553 1263 602 1328 te,
624 1271 669 1316 ne
686 1271 732 1316 ex
745 1263 826 1318 toto
840 1273 1036 1333 moereas,
1058 1255 1133 1318 cxi·

165 1358 256 1416 gam.
288 1347 320 1401 et
333 1342 399 1402 scio
417 1341 545 1401 inveniri
558 1340 709 1415 quosdam
724 1340 819 1400 durae
833 1339 931 1415 magis
944 1357 1040 1417 quam
1057 1340 1135 1403 tonis

165 1424 347 1501 prudentiae
369 1426 467 1496 viros,
492 1425 543 1499 qui
564 1431 676 1497 negent
690 1421 853 1485 doliturum
863 1439 941 1487 csse
954 1422 1134 1501 eapientem:

164 1508 195 1566 hi
215 1522 278 1567 non
297 1508 440 1568 videntur
459 1507 531 1567 mihi
554 1522 699 1580 umquam
719 1507 750 1567 in
772 1506 925 1569 eiusmodi
945 1523 1057 1571 casum
1068 1506 1135 1569 inci·

165 1588 260 1650 disse.
283 1588 418 1666 alioquin
431 1590 623 1651 excussisset
636 1589 695 1650 iliis
707 1591 830 1652 tortuna
840 1592 1010 1667 superbum
1019 1590 1135 1667 sapien·

164 1675 236 1734 tiam
257 1680 287 1733 et
308 1674 347 1733 ad
362 1674 589 1734 confessionem
605 1687 661 1733 cos
676 1688 779 1733 veram
793 1673 883 1735 etiam
897 1675 1012 1737 invitos
1027 1690 1136 1750 cenpu

137 1756 261 1817 diisset.
303 1756 410 1817 Satis
435 1754 685 1831 praestiterit
705 1756 822 1828 ratio,
845 1758 879 1817 si
901 1757 939 1819 id
960 1774 1076 1821 unum
1094 1772 1137 1819 ex

165 1841 318 1912 dolore,
342 1840 444 1914 quod
464 1846 500 1899 et
517 1846 700 1913 superest
720 1847 756 1901 et
775 1839 961 1916 abundat,
984 1840 1136 1903 excide·

164 1921 229 1981 rit:
251 1928 285 1980 ut
303 1922 427 1995 quidem
448 1923 563 1983 nulium
584 1922 709 1984 omnino
731 1938 803 1983 esse
823 1940 893 1987 eum
916 1925 1065 2000 patiatur,
1084 1938 1138 1987 nee

166 2003 355 2081 sperandum
376 2004 429 2065 ulii
453 2020 511 2064 nec
533 2006 815 2080 concupiscendum
838 2013 896 2071 eat
931 2007 1017 2069 hune
1040 2008 1138 2083 potius

165 2089 289 2149 modurn
304 2095 423 2160 servet,
447 2089 498 2164 qui
512 2103 569 2150 nec
583 2089 759 2163 inpietatem
773 2088 905 2153 imitetur
919 2106 979 2153 nee
993 2091 1139 2162 insanium

166 2179 195 2232 et
210 2188 268 2232 nos
283 2172 314 2231 in
325 2187 364 2233 eo
376 2179 478 2233 teneat
487 2172 606 2245 habitu,
621 2172 675 2248 qui
686 2180 716 2235 et
727 2173 797 2248 piae
809 2174 919 2235 mentis
930 2180 980 2237 est
989 2190 1050 2237 nee
1059 2188 1137 2237 emo

165 2262 229 2317 tae:
259 2254 357 2316 fluant
376 2255 534 2328 lacrimae,
556 2255 613 2317 sed
629 2255 757 2317 eaedem
771 2264 803 2318 ct
819 2256 970 2319 desinont
985 2256 1139 2319 trahantur

165 2354 204 2398 ex
218 2340 280 2400 imo
294 2340 426 2414 gemitus
441 2348 580 2415 pectore,
596 2339 653 2401 sed
668 2338 759 2400 iidem
774 2346 805 2399 et
818 2339 970 2403 finiantur.
1006 2339 1138 2415 Sicrese

165 2424 298 2483 animum
317 2429 416 2495 tuum,
440 2430 474 2485 ut
493 2429 523 2482 et
543 2422 732 2497 sapientibus
753 2430 784 2484 te
801 2423 976 2499 adprobare
990 2424 1100 2501 poesis
1112 2428 1139 2483 et

139 2506 321 2566 tiratribus.
355 2505 498 2578 Effice,
525 2513 564 2565 ut
584 2506 814 2581 frequenter
832 2507 969 2569 fratris
993 2507 1050 2573 tui
1069 2520 1137 2569 nie·

165 2588 321 2647 moriam
343 2587 414 2648 tibi
435 2587 534 2647 veiis
559 2604 786 2663 occurrere,
815 2597 849 2653 ut
867 2591 953 2653 ilium
972 2597 1007 2653 et
1025 2603 1138 2655 werno

165 2668 256 2730 nibus
276 2669 414 2729 celebres
430 2676 461 2729 et
474 2670 605 2731 adsidua
619 2671 833 2733 recordatione
846 2680 1067 2748 repraesentes
1080 2672 1138 2747 tibi,

166 2751 250 2827 quod
264 2753 306 2813 ita
321 2751 444 2814 demum
458 2755 607 2828 consequi
623 2755 754 2830 poteris,
775 2756 802 2817 si
816 2756 869 2835 fibi
880 2756 1062 2821 memorium
1075 2756 1139 2819 eine

166 2836 329 2897 iucundam
342 2836 441 2911 magis
457 2852 546 2912 quam
558 2835 691 2899 flebilem
702 2837 822 2900 feceris.
844 2838 1138 2912 naturaleestenim,

164 2928 197 2982 ut
216 2935 340 2996 semper
359 2921 478 2983 animus
500 2921 539 2982 ab
559 2936 597 2981 eo
617 2920 762 2996 refugiat,
784 2922 825 2983 ad
838 2923 923 2998 quod
937 2938 1009 2985 cum
1022 2920 1141 2985 tristitie

134 3004 333 3064 erevertitur.
369 3004 475 3079 Cogita
487 3005 667 3066 modestiam
682 3006 766 3079 eius,
781 3006 884 3080 cogita
895 3006 928 3069 in
939 3006 1037 3069 rebus
1048 3020 1140 3082 agen

165 3087 212 3145 dis
235 3087 415 3161 sollertiam,
437 3086 467 3146 in
489 3089 696 3162 exsequendis
711 3088 906 3162 industriam,
929 3089 960 3151 in
976 3088 1140 3167 promissit

165 3169 376 3229 constantiam.
406 3168 508 3230 omnia
520 3169 602 3231 dicta
614 3171 683 3232 eius
697 3187 735 3231 ac
748 3172 830 3232 tacta
845 3180 875 3233 et
888 3172 958 3235 eliis
971 3188 1102 3250 expone
1112 3179 1141 3235 et

164 3251 308 3313 tibimet'
301 3267 369 3328 rpse
388 3267 602 3314 commemora
629 3253 729 3328 qualis
750 3254 839 3319 suerit
860 3256 962 3331 cogita
972 3256 1141 3333 qualisque

166 3337 283 3415 sperari
304 3335 444 3411 potuerit.
479 3333 553 3409 quid
574 3335 653 3395 enirn
675 3337 714 3399 de
740 3338 792 3400 iiio
817 3355 879 3401 uon
904 3346 971 3401 tuto
991 3337 1140 3420 sponderi

165 3419 255 3479 fratrc
270 3419 391 3495 possiti
