2378 3856
158 193 222 258 104
463 192 496 251 l..
516 190 663 251 Annum
684 189 859 251 SENECAE

159 345 209 406 dis
223 357 348 420 quoque
364 340 532 413 irascimur,
548 341 633 415 quod
647 340 760 415 aliquis'
779 356 838 401 nos
860 342 1036 417 arriemdat,
1057 344 1139 406 obliti

160 435 307 504 quantum
320 424 475 485 bominum
494 433 575 484 retro
590 423 640 496 sit,
653 431 685 483 et
704 424 813 499 paucis
832 422 1025 485 invidentem
1044 442 1138 505 qm·

159 520 222 571 turn
236 516 384 584 sequatur
402 524 422 569 a
435 515 522 582 tergo
536 506 669 581 ingeniis
683 505 826 567 invidiae.
865 507 965 569 Tanta
976 514 1085 571 umen
1096 510 1138 571 in·

160 594 329 669 portunitas
345 591 501 652 bominum
515 598 573 663 cst,
592 598 627 650 ut
640 590 780 664 quamvis
799 591 927 651 multum
950 594 1137 669 acceperint

127 687 144 739 2
159 676 286 737 iniuriae
301 677 371 736 loco
385 675 427 736 sit
439 677 510 751 plus
524 673 666 747 accipere
679 674 829 749 potuisse.
856 672 950 735 Dedit
961 674 1041 737 mibi
1052 692 1137 753 prae

158 768 270 820 turam=
300 759 358 821 sed
371 759 566 819 consulatum
578 770 786 831 speraveram.
813 757 899 817 dedit
910 754 1084 821 duodecim
1096 762 1137 822 fu

159 859 246 904 scas:
262 843 319 903 sed
334 858 395 902 non
410 842 482 901 fecit
492 839 677 900 ordinarium
689 842 858 901 consulem.
884 854 970 902 ame
983 845 1137 903 numerari

159 928 255 986 voluit
268 941 399 985 aninum:
418 924 475 985 sed
489 923 578 983 deest
589 922 661 982 nrihi
675 923 716 983 ad
727 924 944 986 sacerdotium.
974 933 1137 1003 cooptatus

158 1011 188 1069 in
204 1010 364 1082 collegium
379 1023 462 1067 sum:
488 1006 543 1066 sed
556 1022 611 1066 cur
624 1007 654 1065 in
670 1013 787 1067 unumt
799 1008 1028 1071 consummavit
1041 1008 1136 1085 digui-

158 1100 251 1152 tatem
265 1106 379 1151 meam=
400 1090 458 1150 sed
472 1089 654 1165 pauimonio
669 1089 742 1150 nibil
753 1092 889 1152 contulit.
910 1108 950 1153 ea
962 1092 1055 1153 dedit
1066 1092 1137 1155 mibi

126 1187 144 1239 s
160 1191 239 1251 quae
253 1174 387 1235 debebat
399 1173 490 1234 alicui
506 1173 590 1233 darc.
616 1173 656 1241 de
671 1189 729 1234 suo
744 1174 817 1234 nibil
833 1174 969 1251 protulit
995 1177 1071 1252 nge
1083 1193 1136 1253 po·

158 1259 219 1320 tius
233 1259 347 1334 gratim
362 1258 493 1335 probis,
515 1273 596 1332 quae
613 1256 770 1332 accepisti.
805 1259 1138 1335 reliquampartem

158 1344 293 1405 nondum
307 1343 431 1418 plenum
446 1358 519 1403 esse
538 1350 569 1402 te
580 1340 692 1416 gaude.
721 1340 801 1401 inter
820 1342 1000 1417 voluptates
1014 1351 1067 1407 esi
1086 1360 1136 1405 arr·

158 1441 287 1504 percsse
302 1426 387 1501 quod
401 1440 521 1499 speres.
558 1422 670 1484 Omnes
684 1423 799 1484 vicisti=
822 1425 952 1499 primum
973 1440 1051 1488 esse
1065 1436 1096 1489 te
1107 1427 1137 1487 in

157 1512 259 1569 animo
281 1509 371 1568 amici
388 1508 434 1568 tui
462 1510 584 1567 laetare.
625 1506 711 1568 multi
730 1515 760 1568 te
780 1509 919 1569 lincuntz
961 1510 1136 1583 considera,

159 1600 272 1668 quanto
287 1592 453 1651 antecedas
475 1593 580 1666 plures
595 1606 687 1665 quam
708 1592 860 1665 sequaris.
901 1592 993 1666 Quod
1006 1594 1052 1657 sit
1064 1594 1096 1655 iu
1108 1600 1136 1654 tc

159 1676 263 1735 vitium
278 1675 442 1735 maximum
464 1676 610 1748 quaerist
638 1674 733 1735 falsas
746 1675 882 1736 rationes
896 1675 1046 1738 conficies
1068 1678 1137 1739 duta

158 1775 269 1834 magno
283 1757 437 1830 aestimas,
452 1765 580 1832 accepta
594 1774 701 1834 parvo.

128 1852 142 1901 1
218 1843 339 1903 XXXII.
359 1840 453 1901 Aliud
466 1839 498 1900 in
512 1840 572 1900 allo
586 1857 645 1901 nos
660 1842 828 1903 deterream
852 1842 1040 1918 quibusdam
1053 1843 1136 1906 timc-

158 1941 245 1984 amus
265 1925 367 1999 irasci,
388 1924 573 1999 quibusdam
594 1938 769 1998 vereamur,
791 1926 976 2000 quibusdam
997 1928 1137 1989 fastidiu-

157 2024 236 2069 mus.
277 2007 420 2082 Magnam
439 2022 504 2066 rem
526 2007 593 2066 sine
613 2007 707 2067 dubio
729 2009 907 2082 fecerimus,
930 2011 958 2071 si
978 2012 1138 2073 servulum

157 2092 309 2151 infelicem
324 2092 355 2150 in
368 2091 555 2166 ergastulum
568 2091 751 2151 miserimus.
773 2091 848 2166 quid
855 2109 1063 2169 properamus
1070 2110 1136 2155 ver·

158 2176 266 2236 berare
280 2175 390 2250 statim,
412 2191 502 2234 crura
522 2174 662 2249 protinus
683 2176 844 2250 frangeret
870 2192 932 2237 non
948 2175 1064 2252 peribit
1080 2194 1137 2254 po-

126 2267 253 2324 ctesias
268 2259 335 2333 ista,
351 2259 378 2319 si
394 2258 560 2319 differetur.
590 2257 664 2318 Sine
677 2258 710 2317 id
723 2266 845 2333 tempus
860 2260 977 2331 veniat,
996 2276 1062 2337 quo
1077 2261 1139 2337 ipsi

157 2343 333 2407 iubeamusr
348 2359 431 2403 nunc
444 2358 484 2402 ex
494 2343 622 2417 imperio
635 2343 700 2402 irae
710 2342 882 2417 loquemur.
909 2359 979 2405 cum
993 2344 1137 2405 illuabic⁴

157 2428 203 2499 rii,
219 2434 290 2487 tunc
304 2427 485 2499 videbimus,
500 2432 615 2501 quanto
628 2426 689 2486 isia
702 2425 740 2486 lis
749 2427 940 2487 aestimanda
953 2427 1004 2487 sit
1033 2428 1066 2488 in
1076 2428 1138 2490 boc

159 2511 238 2569 enim
253 2509 422 2585 praecipue
435 2510 582 2569 fallimur=
611 2509 652 2568 ad
670 2509 782 2570 serrum
797 2510 947 2582 venimus,
963 2510 1005 2570 ad
1018 2513 1137 2587 capita-

159 2593 199 2650 lia
213 2591 374 2666 supplicia,
391 2598 421 2650 el
431 2591 573 2664 vinculis,
594 2606 728 2663 carcere,
754 2593 835 2652 farne
857 2592 1052 2655 vindicamus
1071 2610 1138 2655 rem

125 2674 365 2747 acasiigandarn
386 2672 492 2748 flagris
506 2674 683 2734 levioribus·
716 2675 914 2751 „Quomodm
933 2675 1056 2753 inquis,
1076 2693 1139 2738 nos

158 2758 247 2818 iubes
261 2756 380 2829 intueri,
396 2773 488 2832 quam
503 2757 612 2832 omnia,
627 2773 684 2833 per
696 2774 776 2833 quae
790 2761 870 2821 laedi
886 2759 1055 2835 videamur,
1070 2762 1136 2821 cxi·

158 2857 227 2918 gua,
250 2842 370 2911 misera,
387 2840 515 2915 puerilia
529 2842 621 2902 sint.“
656 2841 723 2916 ligo
737 2858 813 2902 vcro
827 2843 901 2905 nihil
914 2844 1014 2918 magis
1027 2860 1138 2905 suasc-

157 2927 214 2987 rim
226 2940 318 3003 quam
329 2941 450 2986 sumere
461 2927 613 3001 ingentem
625 2925 757 2987 animum
773 2935 803 2988 ct
815 2927 902 3001 baec,
919 2935 1140 3004 propterquam

158 3011 320 3084 litigamus,
336 3007 546 3082 discurrimus,
563 3010 750 3080 anhelamus,
771 3011 876 3071 videre
896 3027 989 3086 quam
1009 3009 1139 3073 humilia

158 3100 188 3151 ct
201 3093 320 3152 abiecta
333 3093 404 3164 sini,
426 3093 499 3153 nulli
515 3093 568 3168 qui
590 3094 682 3153 altum
702 3094 846 3168 quiddam
866 3103 918 3155 aut
937 3093 1140 3169 magnificum

158 3173 271 3249 cogitat
284 3175 488 3248 respicienda.

130 3270 140 3320 ι
217 3255 349 3317 XXXlll.
373 3255 460 3315 circa
476 3254 637 3331 pecuniam
652 3259 813 3332 plurimum
828 3260 1057 3322 vociferationis
1071 3268 1138 3321 este

158 3343 235 3402 haec
250 3341 317 3400 fora
331 3339 483 3413 defatigat,
506 3345 608 3414 patres
629 3340 806 3417 liberosque
826 3345 993 3419 committit,
1013 3358 1138 3405 venena

159 3425 274 3500 miscet,
290 3423 409 3500 gladios
418 3430 478 3482 tum
487 3422 722 3499 percussoribus
739 3443 830 3501 quam
844 3427 1016 3504 legionibus
1031 3427 1136 3489 tradit.
