2378 3856
220 214 321 273 DIAL.
343 215 396 273 lv.
430 212 482 272 DE
503 213 573 273 IRA
592 213 664 273 LlB.
688 213 723 270 ll.
745 220 876 274 21—25.
995 210 1039 274 69
1109 226 1111 230 ’

58 366 168 427 medici
194 372 331 435 caveret,
352 368 510 437 acceptam
525 361 681 437 potionem
695 368 758 423 non
773 363 935 424 deterritus
953 363 1037 424 bibit.

56 450 129 510 Plus
146 448 203 509 sibi
219 449 258 507 de
273 447 370 507 amico
385 463 443 506 suo
459 447 595 506 credidit.
628 447 739 521 dignus
755 447 811 507 luit
827 447 878 522 qui
893 447 1066 513 innocen-3

58 543 118 594 tem
133 531 274 604 haberet,
301 531 411 605 dignus
428 530 480 604 qui
495 530 618 590 iaceret.
663 531 729 591 Hoc
753 547 790 592 eo
805 532 903 606 magis
921 531 951 590 in
966 532 1037 590 Ale-

57 617 177 676 xandro
193 614 298 687 laudo,
324 614 395 689 quia
416 629 504 673 nemo
524 620 584 673 tam
606 614 760 674 obnoxius
780 615 844 674 irae
867 615 931 675 fuit.
976 630 1038 690 quo

57 701 156 760 maior
180 705 282 760 autem
305 697 473 758 moderatio
491 696 522 756 in
547 697 680 773 regibus,
696 698 756 758 hoc
770 697 925 758 laudanda
943 698 1040 772 magis

58 792 116 845 est.
148 780 232 842 Fecit
252 781 312 842 hoe
327 789 357 842 et
370 781 392 839 l.
407 780 520 841 Caesar
540 780 590 840 ille
606 781 658 855 qui
673 782 800 842 victoria
818 781 898 842 civili
910 783 1071 841 clemen-4

58 868 178 929 tissime
197 882 273 926 usus
297 871 354 925 est.
388 879 456 924 cum
481 862 594 925 scrinia
616 865 874 940 deprehendisset
895 865 1039 940 epistula·
1087 901 1091 908 ·

58 969 127 1014 rum
142 951 183 1010 ad
198 949 250 1009 Cn.
264 948 441 1023 Pompeium
457 949 618 1008 missarum
630 949 668 1008 ab
682 950 719 1008 iis
733 949 785 1024 qui
798 948 980 1010 videbantur
990 956 1041 1009 aut

58 1037 90 1096 in
103 1033 235 1095 diversis
247 1033 339 1094 autin
353 1033 466 1104 neutris
479 1032 576 1110 fuisse
586 1033 733 1107 partibus,
746 1033 914 1093 conbussit.
931 1033 1040 1106 Quam-

59 1120 108 1179 vis
123 1118 280 1178 moderate
294 1117 408 1177 soleret
421 1115 522 1190 irasci,
538 1117 643 1176 maluit
655 1124 756 1176 tamen
772 1132 832 1177 non
846 1132 950 1192 posse.
972 1132 1040 1190 gra·

60 1204 211 1264 tissimum
226 1201 343 1276 putavit
356 1202 454 1274 genus
468 1200 576 1258 veniae
591 1200 720 1272 nescire,
736 1199 810 1274 quid
827 1200 958 1275 quisque
971 1214 1041 1273 pec·

61 1288 173 1346 cesset.

122 1369 229 1428 lntlv.
262 1367 426 1427 Plurimum
447 1365 518 1424 mali
532 1364 697 1424 creduli-tas
711 1365 792 1424 lacit.
826 1382 921 1440 saepe
936 1381 975 1424 ne
990 1376 1070 1430 au·1

62 1453 206 1512 diendum
222 1451 347 1527 quidem
362 1456 418 1522 est,
434 1447 578 1523 quoniam
596 1446 626 1507 in
639 1448 822 1524 quibusdam
836 1450 930 1512 rebus
945 1449 1041 1510 satius

61 1545 110 1596 est
127 1535 228 1609 decipi
244 1549 336 1610 quam
351 1532 500 1593 diffidere.
532 1532 667 1592 tollenda
682 1549 720 1592 ex
743 1533 842 1594 animo
859 1531 996 1608 suspicio
1013 1540 1043 1593 et

62 1620 246 1691 coniectura,
261 1617 457 1677 fallacissima
471 1616 672 1676 inritamenta=
687 1617 813 1690 „illeme
821 1616 1040 1693 parumhuma·

60 1719 101 1762 ne
115 1701 266 1762 salutavit.
306 1700 356 1760 ille
371 1701 479 1761 osculo
496 1715 564 1760 meo
580 1718 642 1761 non
658 1700 805 1761 adhaesit.
852 1702 903 1760 ille
918 1700 1042 1760 inchoa-

61 1795 124 1847 tum
142 1800 314 1846 sermonem
330 1783 390 1846 cito
406 1784 534 1858 abrupit.
567 1785 617 1844 ille
633 1784 673 1843 ad
691 1800 818 1844 coenam
834 1800 895 1844 non
909 1783 1042 1844 vocavit.

62 1870 144 1929 illius
160 1871 259 1929 voltus
274 1871 413 1930 aversior
428 1869 513 1928 visus
526 1871 603 1928 est.“
624 1868 690 1928 Non
700 1867 797 1928 deerit
812 1868 982 1943 suspicioni
997 1883 1072 1937 arn

62 1954 263 2029 gumentatio:
279 1953 471 2027 simplicitate
486 1967 565 2026 opus
580 1959 672 2012 estet
690 1952 823 2026 benigna
836 1968 936 2011 rerum
953 1952 1042 2011 aesti-

62 2037 205 2096 matione.
239 2036 312 2094 nihil
326 2034 385 2094 nisi
401 2036 485 2111 quod
499 2036 528 2094 in
551 2036 659 2096 oculos
680 2036 812 2095 incurret
836 2036 1042 2094 manifestum-

64 2135 126 2196 que
155 2121 211 2178 erit
238 2119 399 2178 credamus
428 2126 457 2179 et
486 2121 628 2194 quotiens
658 2116 796 2192 suspicio
826 2127 934 2179 nostra
962 2132 1044 2175 vana

63 2200 250 2278 adparuerit,
269 2202 464 2276 obiurgemus
479 2201 697 2262 credulitatem.
724 2201 801 2261 haec
816 2202 896 2261 enim
913 2199 1042 2281 castiga·

63 2287 105 2347 tio
123 2285 376 2347 consuetudinem
392 2286 504 2345 eltioiet
523 2301 584 2344 non
599 2287 688 2344 facile
703 2284 858 2344 credendi.

127 2370 220 2430 XXV.
250 2369 325 2429 Inde
348 2375 379 2428 et
397 2369 471 2429 illud
492 2369 644 2444 sequitur,
670 2375 703 2428 ut
717 2367 849 2430 minimis
867 2365 1072 2428 sordidissi·1

65 2453 187 2529 misque
208 2453 300 2513 rebus
323 2470 383 2514 non
401 2453 628 2512 exacerbamur.
660 2450 768 2511 Pamin
790 2453 878 2526 agilis
900 2457 949 2511 est
968 2466 1045 2525 puer

64 2547 115 2599 aut
129 2538 259 2614 tepidior
270 2553 352 2612 aqua
367 2543 477 2613 poturo
493 2543 544 2597 aut
557 2536 695 2597 turbatus
707 2543 792 2614 torus
807 2544 858 2596 aut
871 2549 978 2595 mensa
991 2549 1043 2596 ne-

64 2623 233 2697 glegentius
250 2621 366 2697 posita:
389 2623 428 2682 ad
448 2623 506 2681 ista
525 2619 671 2682 concitari
686 2618 805 2680 insania
820 2629 876 2682 est.
909 2634 1001 2693 aeger
1015 2623 1046 2679 et

63 2706 194 2766 infelicis
208 2702 445 2766 valitudinis'est
459 2722 549 2781 quem
564 2705 641 2765 levis
656 2720 730 2765 aura
747 2704 911 2776 contraxit,
932 2699 1044 2763 adlecti

64 2791 146 2850 oculi
165 2806 244 2865 quos
259 2790 496 2850 candidavestis
509 2789 659 2860 obturbat,
675 2789 842 2848 dissolutus
858 2784 975 2846 deliciis
992 2801 1044 2845 cu-

63 2874 113 2934 ius
128 2875 207 2933 latus
219 2873 318 2934 alieno
331 2875 436 2934 labore
448 2873 613 2933 condoluit.
634 2870 840 2949 Mindyridem
851 2870 935 2929 aiunt
950 2867 1073 2929 luisset
1144 2881 1145 2884 ’

64 2975 104 3018 ex
126 2955 336 3034 Sybaritarum
361 2957 490 3015 civitate.
536 2957 588 3029 qui
608 2969 677 3013 cum
691 2953 821 3012 vidisset
835 2951 999 3011 fodientem
1016 2955 1047 3009 ct
1140 2980 1147 2985 -

64 3041 155 3102 altius
166 3047 297 3099 rastrum
314 3039 514 3108 adlevantem,
534 3039 650 3097 lassum
669 3051 703 3095 se
723 3035 789 3094 lieri
808 3040 936 3113 questus
952 3031 1047 3094 vetuit

63 3126 148 3185 illum
167 3140 246 3199 opus
263 3124 294 3182 in
314 3129 483 3196 conspectu
503 3137 561 3182 suo
579 3122 690 3181 lacere.
730 3119 822 3178 bilem
845 3118 959 3178 habere
977 3131 1044 3176 sae-

65 3209 136 3284 pius
150 3214 277 3284 questus
293 3213 348 3280 cst,
364 3204 447 3280 quod
460 3205 541 3265 loliis
559 3220 651 3265 rosae
664 3202 826 3279 duplicatis
846 3201 1045 3263 incubuisset.

64 3292 125 3354 Ubi
142 3291 276 3352 animum
290 3291 379 3351 simul
396 3295 426 3349 et
443 3304 557 3362 corpus
577 3290 749 3363 voluptates
767 3301 948 3361 corrupere,
970 3281 1075 3341 nihile

65 3373 226 3436 tolerabile
242 3373 370 3447 videtur,
384 3387 444 3432 non
461 3371 532 3446 quia
546 3371 631 3443 dura,
651 3372 711 3430 sed·
725 3370 796 3444 quia
812 3366 913 3428 mollis
926 3365 1046 3439 patitur.

65 3457 142 3536 quid
163 3457 310 3532 ostentm,
330 3472 385 3519 cur
401 3453 498 3517 tussis
512 3455 640 3515 alicuius
652 3459 704 3512 aut
716 3456 984 3512 sternutamentum
997 3452 1049 3506 aut
