2378 3856
132 173 233 232 IllAL.
252 173 304 231 lv.
323 173 360 231 V.
383 172 434 232 DE
450 173 520 232 IRA
536 172 607 231 LlB.
627 172 662 229 ll.
680 179 724 234 35.
741 179 785 234 36.
808 171 878 243 LlB.
895 172 943 233 lll.
964 182 988 234 l.
1031 168 1073 236 79

90 323 156 384 deri
177 324 292 385 volunt.
313 321 412 396 Magis
434 322 509 382 illud
528 321 694 381 videndum
715 327 776 396 est,
799 338 889 397 quarn
906 322 1009 383 mullis
1027 323 1097 384 lma

92 423 196 482 perse
214 407 360 466 nocuerit.
382 403 442 464 Alii
459 404 552 464 nimio
572 405 692 464 lervore
708 420 820 481 mpero
836 422 933 467 venae
951 413 981 468 el
1000 421 1071 466 ean·

89 492 211 564 guinem
238 504 334 565 supra
360 489 442 547 vires
470 489 568 548 elalus
596 489 711 548 clamor
737 489 852 563 egessit
874 497 904 550 et
923 489 1071 552 luminum

89 573 226 634 subindil
247 573 344 633 aciem
367 571 397 630 in
421 572 529 632 oculos
545 569 756 631 vehementius
772 570 880 632 humor
896 581 1021 648 egestus
1041 581 1072 634 el

89 657 118 715 in
137 657 262 716 morbos
281 654 363 728 aegri
380 654 526 714 recidere.
548 654 636 714 Nulla
653 654 782 714 celerior
798 654 838 713 ad
855 656 1002 717 insaniam
1020 659 1098 719 viab

88 747 143 800 cst.
167 741 250 799 mulli
272 739 375 812 itaque
397 738 650 798 continuaverunt
672 739 735 796 irae
752 738 885 797 lurorem
903 754 958 799 nec
978 756 1068 816 quem

88 825 270 899 expulerant
285 827 416 881 mentem
431 836 576 895 umquam
592 829 789 896 receperunt=
807 819 933 880 Aiacem
947 820 978 881 in
990 839 1069 882 mor·

88 915 149 966 tem
166 904 379 980 legitimnum
397 905 531 966 lurorem
548 902 603 965 ira.
626 912 754 965 moriem
768 904 886 975 liberis,
903 911 1071 979 egestatem

89 990 164 1062 sibi,
188 989 305 1048 ruinam
327 988 431 1048 domui
452 989 662 1063 inprecanlur,
679 996 708 1048 et
723 988 814 1048 irasci
831 1003 866 1047 sc
880 995 993 1063 negant
1008 1005 1068 1051 non

88 1074 188 1133 minus
205 1087 297 1148 quam
311 1072 444 1132 insanire
459 1072 575 1132 furiosi.
605 1071 799 1132 amicissimis
819 1071 927 1132 hostes
942 1072 1068 1133 vitandi·

88 1173 149 1231 que
169 1154 352 1227 carissimis,
373 1156 474 1230 legum
495 1155 553 1214 nisi
578 1172 640 1230 qua
663 1162 787 1223 nocent,
809 1154 1006 1229 inmemores,
1030 1156 1069 1217 ad

88 1241 209 1299 minima
224 1239 369 1313 mobiles,
389 1255 450 1299 non
473 1254 629 1309 sermone,
654 1254 714 1297 non
737 1236 840 1296 olflcio
857 1237 934 1298 adiri
954 1239 1069 1314 faciles,

88 1325 224 1398 pervim
245 1323 347 1382 omnia
369 1330 492 1396 gerum,
516 1322 627 1394 gladiis
647 1329 677 1380 el
698 1336 836 1395 pugnare
859 1323 956 1396 parali
975 1328 1006 1381 el
1025 1323 1069 1383 in·

89 1408 243 1467 cumbere.
270 1405 437 1465 Maximum
450 1405 530 1463 enim
545 1403 614 1464 illos
632 1405 743 1463 malum
759 1404 840 1478 cepit
855 1412 886 1465 el
899 1405 1000 1466 omnia
1017 1409 1097 1466 err-b·

88 1506 240 1564 superans
266 1488 347 1548 vilia.
381 1487 440 1546 alia
464 1487 606 1561 paulatim
626 1488 752 1547 intrant:
772 1489 932 1563 repentina
953 1495 983 1549 el
1003 1491 1069 1550 uni-

87 1589 180 1632 versa
200 1573 247 1632 vis
266 1571 358 1630 huius
379 1578 434 1630 esl.
474 1571 572 1631 omnis
598 1571 731 1645 denique
752 1570 829 1631 alios
851 1572 990 1634 adlectus
1011 1573 1069 1633 sibi

88 1655 216 1716 subicit:
234 1669 367 1714 amorem
384 1654 630 1714 ardentissimum
646 1655 745 1715 vincit.
774 1657 1001 1717 lraosloderuot
1014 1657 1069 1717 ila·

89 1755 150 1815 que
172 1747 271 1798 amala
287 1754 418 1813 corpora
433 1744 464 1796 el
483 1740 512 1796 in
530 1753 636 1796 eorum
657 1754 736 1813 quos
752 1739 928 1798 occiderant
947 1739 1069 1799 iacuere

88 1823 301 1898 conplexibus.
323 1821 495 1894 avaritiam,
510 1821 705 1882 durissimum
722 1822 834 1880 malum
852 1823 1069 1896 minimumque

88 1906 233 1978 flexibile,
249 1906 293 1964 ira
309 1904 438 1965 calcavit
451 1905 560 1964 adacta
575 1920 651 1979 opes
667 1920 740 1965 suas
758 1921 904 1980 spargere
919 1914 949 1967 el
965 1906 1068 1965 domni

87 1989 244 2061 rebusque
260 1990 291 2047 in
306 2004 400 2048 unum
415 1988 534 2048 collatis
552 1988 666 2048 inicere
681 1990 789 2063 ignem.
813 1989 908 2063 quidl
929 2005 989 2049 non
1006 2005 1067 2049 um-

88 2072 219 2132 biliosus
240 2088 349 2145 magno
377 2072 536 2131 aestimata
560 2072 687 2146 proiecit
706 2072 836 2145 insignia
859 2072 1069 2147 honoremque

90 2157 225 2216 deletum
248 2154 377 2228 repolire
406 2154 510 2213 Nullus
533 2156 672 2215 adlectus
693 2163 754 2228 est,
774 2156 803 2213 in
831 2171 921 2230 quem
942 2171 1003 2215 non
1024 2155 1070 2215 ira

89 2237 272 2299 dominetur.
698 2252 702 2257 ’

472 2345 685 2355 -u———n

384 2454 417 2535 l.
439 2451 578 2536 llllll
599 2451 770 2535 srllcll

245 2583 621 2680 lllllllillllllll
657 2583 829 2678 nillil
867 2585 914 2679 l.

466 2775 511 2824 lo
528 2773 688 2826 NOVATUM

447 2889 467 2952 ll
503 2888 523 2953 l
586 2889 599 2952 l
633 2889 658 2954 ll
692 2888 715 2954 l

500 3003 650 3054 ironam.
719 3053 722 3058 .

151 3231 173 3289 Ι.
200 3230 304 3304 Quod
325 3227 768 3302 marrimedesiderasli,
785 3223 947 3299 Nouate,
971 3232 1096 3287 nunc!

86 3309 864 3389 laceretemptabimus,iramcxciderer
921 3308 992 3375 mia
1082 3360 1087 3369 .

86 3405 197 3456 certe
213 3399 413 3458 refrenare
430 3404 465 3458 el
479 3397 638 3468 inpetus
654 3395 739 3456 eius
753 3391 828 3463 in-bi
1076 3418 1091 3453 r
