2378 3856
151 192 192 253 56
442 189 642 249 1,.ΑΝ11ΑΕ1
667 186 843 247 SENECAE

124 352 137 403 1
212 343 264 403 lv.
287 342 324 399 Et
338 348 370 399 nt
385 338 466 398 scius
482 337 737 412 queamdmodum
759 336 904 410 incipiant
923 336 1069 397 adiectus
1086 347 1141 399 aut

154 432 293 485 crescant
309 430 361 481 aut
374 420 547 491 efferantur,
563 427 611 479 est
624 420 740 494 primus
752 427 853 479 motus
867 434 928 478 non
944 420 1140 481 voluntarius

154 509 242 583 (quasi
259 505 451 581 praeparatio
466 503 606 563 adlectus
622 512 652 563 et
666 503 817 578 quaedam
833 502 1041 563 comminatio.
1062 504 1140 564 alter

153 608 221 649 cum
237 591 392 649 voluntate
407 604 467 648 non
483 587 668 658 contumaci,
684 594 837 660 tamquam
852 593 993 661 oporteat
1008 602 1058 646 me
1073 587 1138 646 vin·

152 674 262 747 dicari,
285 687 355 733 cum
374 672 477 731 laesus
499 671 571 743 sim,
593 677 644 730 aut
665 677 803 745 oporteat
823 670 904 729 hunc
919 685 1038 743 poenas
1053 671 1139 743 dare,

152 772 221 816 cnm
243 758 346 817 scelus
368 756 482 814 lecerit.
509 754 615 814 tertius
636 762 736 814 motus
756 761 804 813 est
824 754 882 811 iam
897 754 1061 827 inpotens,
1086 755 1140 828 qui

154 857 214 900 non
232 841 258 901 si
275 846 409 914 oportet,
432 837 539 898 ulcisci
555 840 631 909 vult,
648 838 702 896 sed
719 837 825 911 utique
842 837 894 911 qni
908 838 1062 897 rationem
1076 838 1139 895 evi·

124 926 203 983 acit.
230 924 360 983 Primum
382 922 463 981 illum
485 921 576 980 animi
592 922 681 980 ictum
698 920 834 994 elingere
848 921 966 979 ratione
983 936 1049 980 non
1066 936 1140 995 pos·

154 1023 277 1079 sumus,
299 1008 378 1065 sicut
399 1021 438 1063 ne
458 1004 509 1064 illa
531 1005 652 1079 quidem
671 1020 751 1079 quae
765 1004 897 1064 diximus
913 1003 1058 1064 accidere
1073 1019 1140 1064 cor

154 1090 299 1165 poribus,
315 1104 354 1148 ne
370 1104 427 1148 nos
442 1088 583 1148 oscitatio
598 1088 698 1147 aliena
710 1088 867 1160 sollicitet,
887 1101 926 1146 ne
940 1087 1024 1147 oculi
1039 1088 1079 1147 ad
1095 1088 1140 1147 iu-

153 1175 348 1234 tentationem
377 1173 508 1232 subimm
533 1172 693 1246 digitorum
720 1171 955 1246 comprimantur.
987 1169 1051 1230 ista
1078 1186 1139 1231 uon

156 1266 258 1333 potest
277 1257 353 1317 ratio
375 1257 513 1327 vincere,
536 1256 725 1316 consuetudo
748 1255 879 1315 fortasse
893 1260 924 1314 et
937 1253 1072 1315 adsidua
1086 1252 1139 1315 ob-

155 1344 289 1402 servatio
305 1348 456 1401 extenuat.
490 1340 575 1399 Alter
595 1340 645 1398 ille
665 1346 766 1398 motus
788 1338 840 1413 qui
860 1336 973 1397 iudicio
991 1338 1140 1411 nascitur,

155 1426 268 1485 iudicio
282 1424 405 1486 tollitur.

97 1534 103 1545 ·
125 1518 138 1569 1
213 1510 251 1565 V.
275 1508 352 1568 lllud
372 1507 544 1567 etiamnunc
565 1505 773 1579 quaerendmn
795 1512 857 1574 εει,
876 1503 913 1561 hi
935 1505 999 1578 qui
1022 1505 1139 1579 volgo

155 1591 597 1664 saeviuntetsangulne
612 1589 775 1648 humano
793 1586 1043 1661 gaudennan
1064 1588 1138 1647 ira·

155 1684 327 1748 scantur,
343 1690 423 1734 cum
439 1673 720 1744 eosoccidnnt‚
743 1671 917 1746 aquibus
938 1686 1007 1730 nec
1029 1687 1139 1732 acce·

157 1764 297 1832 perunt
320 1757 500 1817 iniuriam
527 1770 597 1814 nec
623 1757 829 1830 accepisse
855 1755 966 1828 ipsos
996 1755 1139 1814 existi-

125 1849 270 1903 amant=
294 1841 393 1916 qualis
412 1842 468 1901 luit
489 1840 698 1915 Apollodorus
719 1848 770 1899 aut
789 1838 934 1897 Phalaris.
970 1838 1059 1898 llaec
1079 1854 1139 1898 non

155 1933 203 1984 est
217 1923 278 1997 ira,
294 1925 400 1985 feritas
413 1933 469 1984 est.
492 1940 552 1983 non
570 1923 648 1981 enim
664 1924 737 1998 qnia
751 1922 871 1996 accepit
884 1920 1026 1981 iniuriam
1041 1929 1139 1994 nocet,

155 2007 212 2067 sed
228 2014 333 2083 parata
348 2016 409 2082 est,
431 2009 503 2068 dum
523 2014 647 2078 noceat,
666 2008 744 2066 velle
760 2006 910 2080 accipere.
940 2019 997 2063 nec
1012 2003 1057 2065 illi
1072 2021 1138 2065 ver-

155 2092 229 2151 bera
248 2092 513 2167 lacerationesque
533 2090 564 2150 in
587 2091 731 2151 ultionem
748 2096 906 2165 petuntur,
928 2089 985 2149 sed
1005 2088 1036 2149 in
1054 2090 1139 2149 volu·

126 2181 276 2249 spectem.
299 2173 378 2247 Quid
393 2181 488 2250 ergot
510 2175 596 2250 origo
612 2174 701 2234 huius
716 2173 786 2233 mali
801 2174 840 2233 ab
854 2173 899 2233 ira
912 2180 976 2246 est,
991 2188 1074 2248 quae
1090 2173 1139 2235 ubi

155 2259 306 2335 frequenti
321 2258 540 2319 exercitatione
555 2267 586 2319 et
600 2258 738 2318 satietate
758 2257 788 2317 in
805 2257 991 2319 oblivionem
1006 2259 1139 2316 clemen-

155 2343 214 2401 tiae
228 2343 311 2402 venit
325 2349 356 2400 et
377 2358 467 2403 omne
483 2345 592 2404 loedns
608 2343 773 2403 humanum
791 2340 880 2401 eiecit
894 2328 1010 2413 animo,
1034 2341 1139 2401 novis-

155 2425 276 2485 simeln
293 2424 499 2487 crudelitatem
515 2429 637 2488 transit:
658 2427 758 2486 rident
777 2425 880 2500 itaque
898 2424 1098 2498 gaudentque
1112 2432 1141 2483 et

154 2509 311 2583 voluptate
339 2507 434 2567 multa
460 2513 656 2583 pertruuntur
683 2510 907 2583 plurimumque
930 2507 970 2566 ab
993 2507 1139 2568 natarum

125 2592 239 2651 {voltu
252 2592 380 2664 absunt,
396 2606 451 2665 per
465 2593 560 2651 otium
575 2593 669 2652 saevi.
697 2591 897 2650 Hannibalern
911 2591 995 2650 aiunt
1009 2589 1139 2663 dixisse,

155 2690 224 2735 cum
240 2676 355 2735 lossam
369 2674 520 2748 sanguine
534 2676 666 2735 humano
683 2674 802 2748 plenam
817 2676 960 2735 vidissem
981 2689 1000 2734 o
1016 2674 1139 2745 sormo-

153 2774 220 2818 sum
240 2754 460 2835 spectaculum!
482 2756 600 2829 Quanto
623 2757 781 2831 pulchrius
802 2759 843 2817 illi
865 2758 964 2817 visum
984 2764 1086 2831 esset,
1112 2756 1140 2817 εἰ

154 2840 269 2902 flumen
287 2839 412 2918 aliquod
426 2843 587 2915 lacumque
599 2842 797 2915 conplessett
811 2841 888 2914 Quid
902 2840 1019 2913 mnam,
1036 2841 1064 2901 si
1079 2840 1140 2902 lroc

154 2925 288 2986 maxime
303 2926 479 3002 spectaculo
493 2924 612 2998 caperis
632 2924 754 2984 innatus
769 2923 910 2999 sangnini
925 2931 956 2984 et
970 2924 1010 2983 ab
1024 2924 1140 2985 infante

153 3009 303 3069 caedibus
315 3011 633 3082 admotustsequatur
642 3017 671 3069 te
682 3010 804 3070 fortuna
816 3006 986 3069 crudelitati
998 3015 1071 3070 tuae
1084 3022 1141 3082 per

151 3087 260 3162 viginti
274 3107 375 3152 annos
390 3093 527 3154 secanda
540 3090 686 3166 dabitque
701 3092 798 3153 nordio
813 3093 873 3152 tuis
888 3097 1007 3166 gratum
1022 3092 1139 3166 ubique

153 3175 373 3247 spectaculum.
401 3174 522 3236 videbis
540 3171 622 3235 istud
644 3182 675 3235 et
694 3176 776 3235 circa
785 3175 994 3236 prasinorum
1009 3183 1040 3235 at
1056 3174 1140 3235 circa

125 3253 274 3317 conanus
294 3263 326 3317 et
338 3258 521 3321 'consume
541 3257 623 3319 droa
643 3258 854 3334 Germanicam
874 3265 967 3319 taam.
999 3259 1138 3319 Volesus

155 3338 750 3421 dominationumque-proconsul
763 3343 873 3414 Asiae,
892 3354 963 3401 cum
980 3347 1137 3402 trecentos

154 3436 219 3483 uno
232 3420 631 3503 dtewcmnpoeomqtmt,
646 3424 794 3485 incedens
808 3424 1056 3485 intercederem
1070 3426 1136 3487 vol-

957 3784 1003 3834 b
