2378 3856
164 186 230 253 270
454 187 488 249 L.
508 186 656 251 ‚munet
670 184 860 247 -smtttcall

165 347 238 401 illan
257 344 420 411 aiiecmreJ.
452 338 561 413 ltaque
578 354 619 397 ne
639 337 747 399 vifflr
764 336 798 397 iu
955 352 1013 411 lm,
1034 336 1138 401 nouit

165 441 230 485 rem
244 425 347 485 dicere
368 420 566 495 sententium
587 436 717 494 moseo,
736 434 777 481 na
791 434 864 496 ans
879 439 961 495 pust
970 419 1057 485 hune
1068 422 1139 485 ota·

165 510 243 570 deus
262 508 317 568 liat
335 522 376 567 ex
396 505 461 579 ilia,
486 504 539 581 qui
552 496 700 605 ὅςούρης
714 496 849 583 monae
860 500 1025 583 lumen,
1043 512 1139 569 uter

165 592 228 665 his,
249 607 329 665 quos
343 592 397 651 alit
410 586 563 667 ζείδωρος
571 606 710 668 αρουρα.
744 586 803 661 uui
818 594 932 651 comm
945 588 1139 655 hoe-nou

164 676 338 736 consultum
358 674 437 735 deris
458 674 573 745 taetris,
602 672 701 733 (lictus
721 671 865 747 pictusve
886 672 965 747 erit,
991 674 1139 737 emisit

165 759 258 819 larvis
278 766 309 819 et
326 759 468 833 proximo
487 771 614 817 munera
631 755 711 817 inter
728 770 830 817 noros
842 762 1031 819 aueum
1044 757 1138 819 mulo

135 858 153 911 4
166 843 312 918 vapulare
324 843 454 918 placem
474 839 636 901 Proximus
646 838 849 915 mommsen
859 839 1053 905 moneam
1062 840 1138 901 llice·

165 926 259 1001 piter,
286 926 384 986 Vicae
402 923 497 983 Potae
517 921 614 998 iilius,
640 930 670 983 at
688 920 759 998 ipse
772 921 959 1003 deame
973 922 1051 987 coa
1064 940 1138 987 uun

165 1007 354 1069 molariolus.
375 1005 1138 1081 hocquasstusesusunobntoniereoiviuuts

165 1090 294 1151 solebat.
329 1089 379 1150 Ad
398 1090 480 1151 hunc
499 1089 580 1149 belle
599 1089 734 1151 accessit
751 1090 905 1151 Hercules
923 1098 958 1153 et
977 1090 1137 1153 euim
1179 1138 1181 1161 ,

137 1175 207 1245 silli
220 1175 324 1249 tetigit.
346 1182 453 1235 censet
466 1173 570 1248 itaque
583 1173 615 1235 in
625 1172 702 1234 haec
712 1174 825 1235 verbm
846 1174 947 1247 „cam
958 1174 1136 1237 ‹livusssar

165 1257 235 1319 ‹lius
255 1266 286 1319 et
306 1258 411 1319 divum
433 1260 607 1333 Augustum
624 1258 776 1332 sangnine
796 1257 959 1333 conuscat
969 1274 1036 1321 nee
1046 1260 1136 1321 minu

165 1343 267 1403 (livam
287 1343 473 1417 Augustam,
501 1342 600 1402 aviam
620 1356 725 1415 suam,
752 1357 848 1417 quom
864 1341 940 1417 ipsa
960 1342 1060 1405 ᾱοαυι
1075 1356 1136 1405 esso

164 1426 269 1500 iussit,
289 1428 444 1501 longeque
463 1440 572 1486 omnes
585 1428 728 1488 mortales
742 1424 894 1501 supientia
906 1428 1078 1489 onmem
1092 1426 1136 1489 eit·
1176 1478 1181 1483 .

166 1526 226 1584 que
241 1526 258 1569 c
272 1508 430 1584 republica
443 1524 515 1570 esse
531 1510 679 1583 aliquem,
700 1511 752 1586 qui
766 1525 836 1570 cum
849 1510 988 1573 Romulo
1002 1511 1105 1587 masii
1179 1530 1181 1535 ·

458 1594 609 1666 senectia
619 1611 700 1671 rope
711 1610 834 1656 emm:

165 1693 295 1749 censeo,
309 1685 343 1737 ut
353 1677 444 1736 divus
455 1677 600 1737 Claudius
613 1694 653 1739 ex
666 1676 876 1739 hecdiedcus
886 1676 944 1753 sit,
965 1678 1137 1741 nonomen

164 1777 234 1821 euni
247 1761 316 1836 quis
329 1760 444 1836 optime
455 1762 522 1821 iure
533 1763 632 1821 iactus
642 1763 695 1835 sit,
709 1775 839 1836 &mque
848 1776 916 1821 rem
926 1761 971 1823 ad
980 1768 1137 1825 metam

135 1852 153 1906 6
163 1844 273 1919 phosis
295 1843 394 1903 Ovidii
414 1844 636 1904 adiciendam.“
673 1845 788 1905 Variae
806 1851 894 1905 oratu
920 1846 1093 1907 centonum
1109 1852 1139 1905 et

165 1926 326 1986 videbatur
346 1926 490 1987 Claudius
511 1928 690 1988 sententiam
710 1927 845 1988 vincere.
879 1927 1037 1993 Hercula
1054 1929 1138 2001 euim,

166 2008 219 2084 qui
238 2010 358 2070 videret
377 2011 491 2071 terrum
511 2027 601 2071 suum
621 2013 651 2071 in
667 2014 738 2086 igne
751 2026 838 2084 esse,
860 2012 1037 2075 medalius
1050 2012 1138 2073 modo

164 2094 236 2155 illuc
256 2093 401 2154 cursabat
419 2101 451 2154 ct
471 2093 587 2156 aiebat:
622 2096 711 2169 „lloli
728 2095 802 2155 milei
821 2094 982 2170 invidere,
1005 2110 1078 2157 mes
1091 2110 1137 2157 res

165 2179 274 2252 agitur.
294 2178 406 2240 deinde
416 2186 450 2239 tu
460 2179 488 2239 si
500 2178 574 2254 quid
586 2179 732 2255 volucris,
745 2178 877 2241 invicem
887 2179 1020 2241 luciam
1033 2194 1137 2242 manua

164 2278 287 2322 manum
302 2263 414 2324 lavat.“
953 2270 957 2275 '

136 2359 153 2412 1
225 2345 262 2405 X.
291 2345 377 2406 Tunc
401 2344 494 2407 divus
514 2347 673 2420 angimus
698 2347 831 2406 surrexit
853 2346 1030 2409 emmoniae
1051 2360 1136 2409 eorm
1167 2384 1176 2413 ι

163 2431 234 2491 loco
247 2429 398 2490 dicendae
408 2436 441 2490 ct
451 2445 570 2491 summa
581 2430 726 2491 facundia
735 2430 894 2491 disseruita
913 2430 1023 2507 „ligo⁷
1035 2429 1137 2505 inquit

162 2512 246 2585 Re,
262 2529 319 2573 vos
333 2519 428 2573 testes
442 2513 558 2587 habeo,
578 2528 694 2590 exque
711 2514 788 2575 deus
805 2514 1006 2589 luctuosum,
1026 2514 1137 2575 nullm

163 2612 214 2655 me
227 2594 356 2654 verbum
371 2594 494 2656 iecisse.
522 2612 646 2672 semper
660 2613 761 2658 mcum
772 2597 929 2672 nogotium
941 2612 1015 2673 ase.
1036 2604 1069 2659 et
1079 2610 1136 2657 nau

163 2693 293 2753 possum
305 2678 436 2752 amplius
449 2679 642 2741 dissimulare
654 2689 685 2741 et
694 2681 848 2757 imorem,
862 2680 1137 2757 quamgraviorem

135 2762 265 2840 epudor
284 2761 370 2836 lacit,
390 2762 555 2822 continere.
587 2764 621 2823 ln
636 2764 697 2824 lioc
710 2773 791 2826 terra
805 2765 946 2842 marique
960 2778 1074 2843 paean
1085 2778 1136 2839 pe

163 2848 253 2925 perit
277 2846 348 2907 ideo
370 2844 472 2907 civilia
483 2847 564 2909 bella
578 2849 767 2924 conpescuit
789 2849 860 2910 ideo
873 2848 1018 2927 „legibus
1032 2846 1139 2911 urbam

163 2929 289 2993 fundavi
296 2936 327 3008 ,⁴⁴
341 2930 487 3008 operibus
501 2933 624 3005 ornavi,
640 2939 674 2993 ut
684 2964 729 2979 -·
743 2934 818 3010 quid
830 2933 946 3007 dicam,
966 2932 1002 2993 Ρ,
1014 2932 1060 3009 (i,
1075 2944 1138 2991 non

163 3015 301 3077 invenio=
330 3016 432 3079 omnia
450 3015 531 3076 inire
548 3015 787 3092 indignationem
806 3018 907 3078 verba
919 3024 1001 3080 sunt.
1032 3014 1137 3079 euniu-

163 3099 309 3174 gicndum
327 3106 375 3160 est
390 3101 494 3175 itaque
508 3106 540 3173 [a
553 3102 614 3179 me]
628 3101 668 3161 ad
680 3102 834 3163 Messalae
849 3098 975 3164 Coruini
987 3097 1138 3175 [aimerus-

134 3180 231 3244 3simi
245 3180 315 3255 viri]
330 3183 411 3243 iilam
426 3186 622 3244 sententiam
638 3187 733 3261 peria
746 3188 871 3263 moesti.
891 3185 966 3258 Hic,
979 3184 1014 3244 Ρ.
1028 3184 1073 3257 c„
1086 3181 1140 3258 qui

163 3266 252 3328 vobis
264 3282 327 3330 uon
343 3282 438 3342 posse
454 3268 575 3329 videtur
587 3285 725 3330 muscam
739 3271 888 3344 excitare,
907 3268 1072 3329 tamlacile
1082 3264 1137 3326 he

163 3352 260 3412 minas
275 3349 437 3413 occidebat
451 3368 541 3428 quam
556 3353 641 3414 carris
656 3353 778 3416 exedit.
802 3353 866 3415 Sed
879 3352 955 3429 qnid
969 3366 1030 3427 ogo
1043 3350 1139 3411 ‹letot

163 3435 324 3497 aetatibus
339 3435 413 3497 viris
428 3437 549 3498 dicauit
569 3453 631 3499 non
645 3445 736 3499 vacat
749 3437 865 3499 deflere
876 3434 1019 3515 publicas
1029 3433 1139 3498 clades
