2378 3856
161 188 224 251 258
349 190 383 249 L.
407 187 752 248 ANNAEI'SENEGAE
772 186 878 249 otAt.
897 188 967 249 xil.

164 342 210 401 sio
224 341 254 401 in
268 354 318 401 me
333 340 559 409 transtulerum,
572 338 620 397 sio
633 335 707 397 mibi
720 336 967 412 adscriptorum,
986 345 1024 402 ut
1038 348 1139 414 posset

162 425 275 497 uideri,
301 423 385 497 quod
406 438 456 482 me
479 421 594 492 emisit,
621 421 761 495 quumvis
785 422 874 483 suivo
899 428 994 497 putre
1018 423 1138 500 pupius

162 509 242 569 huno
256 513 287 568 et
300 522 356 582 pro
370 521 420 567 me
435 504 537 580 dilige.
558 503 692 567 Abstulit
701 504 744 565 itti
753 518 854 581 nuper
864 505 1139 569 tortuuttrnotromz

162 601 215 653 tuo
229 597 334 666 potest
347 590 471 652 ettioere
485 590 598 665 pietus,
614 595 647 650 ut
660 588 837 663 perdidisse
848 604 887 649 ee
900 595 1035 651 mrem
1044 590 1140 653 dolent

132 683 290 747 amotum,
312 691 374 735 non
388 682 419 735 et
431 674 551 734 sentiat.
584 687 665 733 nuno
679 686 781 733 moros
795 673 865 733 eitns
880 688 1047 749 oonpouo,
1067 690 1139 737 nunt
1169 730 1172 739 .

163 761 277 819 formai
297 759 388 819 attius
408 765 574 832 praecepte
592 755 800 827 descendunt,
823 771 906 832 quae
918 758 1041 821 mireris
1054 757 1138 835 iupri
1169 782 1173 837 ;

162 849 284 902 muntur
304 841 463 901 aetatibus.
497 841 557 899 tuis
579 840 744 900 adsuescat
764 839 975 901 sermonibus.
1007 842 1138 905 odtuuu

162 927 294 1000 fingatur
308 923 481 984 mbitriumz
502 924 629 984 miiitum
643 922 686 982 ilii
704 923 810 997 debis,
823 922 946 985 mansi
961 924 1041 987 nibil
1053 924 1137 987 dede
1177 982 1179 989 .

161 1010 203 1069 ris
219 1014 339 1082 praeter
353 1006 537 1080 exemplum.
557 1006 624 1066 Hoc
638 1005 693 1066 tibi
704 1014 765 1066 tom
774 1006 927 1069 sedemus
936 1008 1080 1071 emotum
1089 1024 1137 1085 pro

161 1091 297 1151 remedio
322 1089 394 1151 erit:
418 1105 481 1149 non
509 1097 612 1163 potest
631 1104 710 1149 enim
732 1090 866 1151 animum
887 1090 942 1167 pio
955 1092 1137 1155 doienoemo
1176 1114 1179 1125 ·

162 1173 368 1236 sollieitudine
381 1179 521 1234 evertere
535 1174 594 1234 nisi
609 1181 661 1234 aui
673 1174 751 1234 ratio
761 1181 813 1235 aui
822 1174 959 1238 honesto
968 1177 1136 1253 oooupotio.

133 1259 409 1320 ttNumerarem
435 1258 536 1318 inter
560 1273 695 1332 magna
716 1258 862 1319 solutis
881 1266 1135 1337 putremquo·

163 1351 368 1421 quetuum,
385 1342 646 1402 nisiobesset
675 1344 1135 1417 nunutnmenexndteotutm,

164 1430 216 1504 qui
236 1427 362 1487 ilitusin
381 1425 470 1487 teuit
490 1426 606 1500 cogita:
629 1424 804 1501 intelleges,
830 1432 949 1501 quanto
971 1427 1086 1491 iustius
1103 1428 1137 1489 eit

162 1520 193 1572 te
218 1508 261 1569 illi
287 1509 404 1569 servari
428 1525 520 1585 quum
547 1509 620 1569 nihi
644 1509 780 1584 inpendi.
818 1510 968 1585 quotiens
992 1518 1027 1573 te
1050 1510 1136 1575 inmo-
1176 1570 1179 1591 ,

163 1594 232 1654 dica
256 1594 305 1655 vis
330 1593 448 1654 doloris
469 1593 615 1655 invaserit
640 1600 671 1653 et
695 1592 786 1668 sequti
808 1609 845 1655 se
868 1592 1006 1671 iubebit,
1029 1602 1137 1671 pouen

163 1677 273 1753 cogito.
308 1679 357 1737 eui
376 1686 409 1738 tu
430 1677 551 1753 quidem
570 1683 615 1738 tot
627 1684 758 1751 nepotes
772 1685 1031 1753 pronepotesque
1044 1678 1137 1741 duodo
1172 1706 1176 1743 :

163 1761 301 1834 effecisti,
312 1777 352 1821 ne
366 1762 457 1822 unioe
467 1775 572 1821 esses:
588 1760 810 1822 consummatio
820 1767 923 1822 tumen
934 1762 1050 1825 mutio
1059 1770 1137 1823 nette

162 1846 291 1905 feliciter
304 1846 376 1904 inte
390 1845 524 1904 vertitur.
546 1845 601 1904 llio
616 1845 689 1904 vivo
703 1845 792 1904 nesus
806 1850 855 1904 ost
864 1850 906 1917 to,
917 1846 1008 1921 quod
1018 1845 1136 1919 vixeris
1177 1868 1179 1893 ι

164 1943 260 2002 quen.
528 1984 532 1989 .

135 2019 145 2068 t
222 2010 301 2071 xix.
323 2009 524 2071 Maximum
546 2011 668 2071 edituo
688 2008 996 2073 solatiumtuum
1011 2020 1135 2077 tooue·

162 2111 256 2165 rem,
274 2109 453 2155 sororem
467 2102 577 2166 tuam,
592 2095 666 2155 iliud
679 2093 893 2155 fidelissimum
906 2094 963 2155 tibi
976 2095 1133 2173 pnumsio
1176 2112 1179 2117 ·

163 2179 248 2254 quod
262 2194 369 2239 omnes
384 2193 476 2239 curae
490 2186 561 2239 tuoe
575 2194 632 2253 pro
647 2178 780 2239 indiviso
794 2178 1044 2255 transferuntur,
1061 2180 1133 2241 diuo

164 2262 298 2323 animum
318 2262 459 2323 omnibus
481 2261 571 2322 nobis
586 2267 763 2321 maternum.
793 2276 863 2321 cum
877 2260 938 2322 boo
952 2269 987 2325 tu
1000 2264 1132 2325 {suriunt
1177 2280 1179 2329 ;

135 2354 151 2404 t
164 2353 232 2407 tuas
245 2346 410 2419 miscuisti,
424 2346 455 2406 in
468 2346 559 2407 huius
573 2361 702 2421 primum
718 2343 879 2419 respirasti
892 2345 976 2409 simu
1005 2346 1064 2409 tito
1077 2345 1131 2421 qui

162 2430 232 2488 dem
254 2430 393 2491 adiectus
414 2437 486 2491 tuos
506 2445 631 2505 semper
645 2429 799 2504 sequituru
823 2429 853 2489 in
868 2443 941 2491 meo
952 2436 1131 2507 wmenptt·

162 2526 240 2571 sonu
260 2527 323 2571 non
343 2520 459 2573 tantum
483 2528 540 2587 pro
560 2519 590 2573 te
606 2513 698 2573 dolet
730 2512 815 2574 lilius
828 2511 973 2575 munibus
986 2513 1021 2575 in
1035 2514 1132 2577 rubeto

163 2595 300 2667 perlutus
315 2611 393 2655 sum.
425 2595 505 2655 iltius
521 2596 572 2669 pio
587 2604 785 2669 maternoque
798 2595 927 2657 nuuioio
943 2612 1003 2673 per
1015 2598 1133 2673 longum

162 2685 283 2750 tempus
304 2692 397 2751 aeger
417 2679 570 2739 convalui.
602 2679 653 2739 iiio
673 2692 730 2752 pro
746 2687 999 2755 quaestuosum
1012 2680 1133 2757 creduut

163 2776 249 2822 suem
262 2760 399 2822 extendit
412 2767 443 2820 et
456 2776 535 2836 quoe
550 2777 589 2822 ne
602 2763 754 2823 sermonis
768 2762 894 2838 quidem
908 2766 1134 2827 melerense

161 2843 316 2907 lutotionis
342 2845 485 2907 sustinuit
508 2847 682 2917 audaciam,
708 2863 765 2922 pro
788 2862 838 2908 me
856 2845 933 2909 vidit
948 2846 1137 2925 indulgentis

160 2930 387 2992 verecundiam.
418 2929 498 2991 Nihil
518 2930 560 2990 illi
581 2930 740 2991 seductum
753 2930 835 2991 vitoe
848 2944 963 3006 suus,
983 2930 1062 2993 nibil
1074 2946 1136 2993 mo·

162 3013 261 3074 destiu
285 3021 339 3087 [ut]
365 3014 395 3075 in
421 3021 504 3075 tanta
523 3015 702 3075 teminorum
722 3015 888 3089 penitentia
907 3013 1042 3091 mstiue.
1066 3013 1138 3077 nibil

163 3097 267 3170 quius,
289 3098 364 3159 nibil
383 3098 493 3159 secreti
514 3105 544 3158 et
561 3099 603 3158 ed
620 3098 715 3159 otium
732 3098 861 3173 repositi
882 3114 990 3161 mores
1011 3098 1136 3161 obstite-

129 3187 242 3253 arunt,
261 3197 322 3255 quo
338 3180 438 3243 minus
453 3197 510 3255 pro
525 3197 574 3241 me
589 3182 677 3243 etium
691 3181 854 3243 ambitiose
867 3182 964 3245 fleret.
996 3182 1068 3246 Hoc
1083 3190 1136 3257 ost,

161 3270 258 3323 mater
271 3265 444 3335 carissima,
459 3264 600 3324 solatium
615 3282 678 3340 quo
691 3266 855 3327 reficierisi
870 3266 913 3327 iiii
926 3272 974 3341 te,
989 3276 1136 3344 quantum

162 3355 266 3420 potes,
282 3349 391 3423 iunge,
406 3345 486 3407 iilius
502 3347 663 3409 artissimis
678 3350 869 3424 amplexibus
882 3348 998 3425 adips.
1032 3350 1138 3413 Soieut

160 3437 333 3492 moerentes
354 3447 406 3504 oa,
428 3444 508 3504 quae
527 3431 659 3494 maxime
680 3433 822 3509 diligunt,
845 3435 954 3510 ingero
967 3440 1002 3496 et
1014 3434 1138 3499 liberto-
