2378 3856
117 205 180 270 182
303 208 336 267 L.
357 208 503 268 Annam
525 206 703 269 SENECAE
725 208 827 268 alat.
850 207 900 268 tx.

117 357 248 419 arnicitia
268 358 367 418 fidelis
388 367 418 419 et
439 358 548 418 dulcis.
582 367 729 435 quantum
741 358 856 418 bonum
871 365 935 433 est,
956 358 1012 421 nbi
1028 368 1095 422 sunt

116 448 299 518 praeparata
313 448 455 515 pectora,
472 443 500 501 iu
518 457 598 517 quae
611 450 675 504 tuto
691 448 844 502 secretum
858 458 952 503 omne
966 443 1095 505 descan-

116 528 183 596 dat,
200 541 330 601 quorum
347 524 564 586 conscientiam
579 526 679 586 minus
691 541 783 601 quarn
794 532 876 585 tuam
887 526 1010 600 timeas,
1023 544 1095 603 qno-

116 626 183 669 rum
199 625 301 670 sermo
318 609 554 670 sollicitudinem
568 609 674 682 leniat,
696 609 848 669 sententia
862 610 1031 671 consilinm
1044 627 1095 673 ex·

117 694 235 768 pediat,
259 693 393 753 hilaritas
415 692 565 771 tristitiam
586 692 732 768 dissipet,
754 701 944 767 conspectas
959 694 1031 769 ipse
1044 695 1095 755 de·

118 779 221 838 lactet!
252 793 332 852 quos
357 776 475 836 scilicet
498 792 631 850 vacuos,
657 783 801 850 quantum
827 776 893 836 tieri
920 778 1051 853 poterit,
1078 794 1097 837 a

118 861 333 936 cupiditatibus
345 861 501 934 eligemus.
518 861 738 934 serpunteuim
750 859 821 920 vitia
834 867 864 920 et
875 861 906 920 in
922 862 1094 936 proximum

86 969 103 1022 ι
118 960 271 1021 quemque
286 944 476 1003 transsiliunt
489 950 520 1003 et
533 949 674 1004 contactu
690 953 810 1005 nocent
844 945 952 1020 ltaque
967 946 1055 1021 quod
1066 947 1094 1006 in

118 1027 290 1102 pestilentia
305 1027 473 1086 curandum
488 1034 550 1099 est,
572 1042 611 1086 ne
626 1029 777 1104 correptis
791 1028 853 1088 iam
864 1030 1053 1106 corporibus
1067 1038 1096 1090 et

118 1110 225 1171 morbo
248 1110 448 1186 flagramibus
463 1111 677 1186 adsidamus,
699 1112 771 1187 qnia
786 1112 924 1187 pericula
937 1112 1094 1175 trahemus

117 1193 296 1270 adflatuque
316 1195 386 1269 ipso
407 1193 628 1255 laborabimus:
649 1195 691 1256 ita
710 1196 739 1255 in
765 1195 934 1256 amicornm
954 1198 1094 1273 legendis

117 1277 248 1355 ingeniis
269 1278 411 1340 dabimus
431 1294 573 1354 operam,
603 1286 636 1338 nt
661 1295 752 1354 quarn
773 1277 897 1339 minime
918 1278 1094 1354 inquinatos

118 1364 333 1424 adsumamus:
356 1363 472 1423 initiunt
486 1362 585 1423 morbi
600 1370 649 1422 est
662 1364 763 1437 aegris
778 1363 1009 1424 sanamiseere.
1033 1364 1094 1424 Nec

118 1448 178 1507 hoc
192 1447 402 1522 praeceperim
417 1447 486 1518 tibi,
507 1454 541 1506 ut
554 1447 705 1506 neminem
720 1446 779 1506 nisi
794 1446 968 1521 sapientem
983 1462 1094 1524 sequa-

117 1532 161 1590 ris
175 1538 227 1589 aut
241 1531 394 1590 adtrahas.
424 1531 474 1590 ubi
494 1531 573 1590 enim
593 1531 684 1591 istum
704 1530 858 1603 invenies,
880 1546 973 1607 qun
987 1536 1035 1592 tot
1047 1547 1093 1599 se

86 1623 103 1672 5
118 1613 194 1673 culis
211 1614 409 1686 quaerimust
427 1630 482 1687 pro
499 1616 614 1689 optimo
629 1621 678 1674 est
691 1614 813 1673 minime
827 1615 937 1674 maius.
964 1614 1029 1675 Vix
1043 1614 1093 1675 tibi

118 1702 202 1757 esset
216 1698 345 1757 iaeultas
361 1697 497 1758 delectus
513 1698 676 1771 felicioris,
698 1698 725 1757 si
745 1697 823 1758 inter
832 1697 979 1759 Platonas
992 1705 1025 1759 et
1036 1698 1093 1781 Xe·

118 1780 291 1855 nophontas
303 1789 333 1841 et
345 1781 428 1840 iilum
441 1779 588 1841 Socratici
600 1783 678 1841 letus
691 1789 873 1856 proventum
886 1782 989 1843 bonos
1002 1798 1093 1858 quae·

118 1879 218 1936 raras,
234 1871 285 1923 aut
299 1865 326 1922 si
340 1863 392 1923 tibi
410 1872 548 1939 potestas
564 1866 748 1925 Catonianae
762 1865 851 1926 tieret
867 1866 992 1940 noblis,
1014 1880 1094 1942 quae

117 1948 285 2022 plerosque
304 1946 415 2021 dignos
439 1949 519 2021 tulit,
546 1949 597 2023 qui
620 1947 744 2009 Catonia
765 1949 872 2010 seculo
893 1958 1095 2011 nascerentur

116 2030 210 2105 (sieut
230 2031 340 2090 multos
363 2031 486 2106 peiores
508 2048 598 2107 quam
620 2048 765 2107 umquam
786 2033 863 2093 alias
877 2032 1093 2096 maximorum·

118 2130 179 2190 qne
199 2114 355 2175 molitores
376 2116 536 2176 scelerum.
561 2124 691 2191 utraque
711 2116 791 2176 enim
812 2116 903 2177 turba
922 2133 1005 2193 opus
1020 2124 1093 2189 erat,

117 2208 150 2259 ut
166 2199 239 2259 Cato
256 2206 364 2273 posset
380 2199 522 2275 intellegi.
550 2200 665 2259 hebere
678 2199 784 2260 debuit
797 2208 828 2261 ct
840 2198 959 2274 bonos,
981 2200 1093 2278 quibus

119 2299 154 2343 se
176 2282 375 2357 adprobaret,
400 2291 431 2344 et
450 2286 562 2356 malos,
582 2283 612 2343 in
629 2283 740 2359 quibus
755 2284 816 2343 tim
831 2299 921 2344 suam
937 2286 1093 2360 experire·

86 2372 193 2438 atur):
224 2383 304 2428 nuno
324 2383 398 2429 vero
419 2368 457 2427 in·
469 2375 551 2428 tanta
570 2368 721 2428 bonorum
740 2372 877 2442 egestate
891 2368 995 2430 minus
1009 2368 1093 2429 iasti-

117 2450 208 2510 diosa
232 2451 285 2511 tiat
309 2450 426 2512 eiectio.
466 2452 632 2527 praecipue
655 2459 755 2511 tamen
782 2451 913 2511 vitentur
936 2452 1042 2514 tristes
1066 2458 1094 2511 et

118 2534 219 2593 omnia
240 2535 450 2608 deplorantes,
473 2535 585 2609 quibus
607 2536 689 2595 nulla
708 2551 769 2595 nou
792 2549 888 2595 cansa
902 2535 934 2595 in
949 2537 1093 2611 querelas

118 2617 227 2691 piacet.
261 2623 381 2677 constet
399 2616 441 2676 illi
462 2618 533 2678 licet
547 2618 626 2679 fides
647 2624 676 2677 et
696 2618 925 2679 benevolentia:
946 2619 1093 2696 tranquil·

117 2698 192 2760 litati
217 2705 316 2759 tamen
342 2700 482 2760 inimicus
507 2710 555 2761 est
584 2717 687 2761 comes
713 2702 909 2776 perturbatus
934 2710 967 2763 et
992 2703 1094 2764 omnia

118 2798 254 2859 gemens.

88 2878 101 2928 1
180 2867 259 2927 VIII.
279 2869 599 2931 Transeamusad
615 2870 865 2944 patrimonia,
887 2872 1093 2932 maximam

117 2952 364 3013 humanarum
400 2969 666 3014 aerumnarum
699 2954 912 3013 materiam.
954 2954 1033 3015 Nam
1067 2955 1092 3014 si

117 3036 219 3095 omnia
239 3039 312 3111 alia,
338 3038 449 3112 quibus
465 3038 618 3112 angimur,
640 3052 809 3112 conpares,
832 3045 964 3110 mones,
983 3052 1091 3113 aegro

116 3117 262 3192 tationes,
283 3127 398 3193 metus,
415 3120 583 3194 desideria,
604 3120 744 3182 dolorum
759 3119 962 3196 laborumque
976 3122 1091 3197 patien-

116 3200 203 3271 tiam,
225 3216 294 3260 cum
315 3203 352 3260 iis
374 3219 453 3276 quae
474 3203 563 3263 nobis
586 3205 666 3263 mala
685 3205 816 3279 pecunia
836 3213 943 3265 nostra
958 3204 1090 3274 exbibet,

84 3284 192 3346 abaco
210 3300 283 3359 pars
303 3285 428 3345 multum
449 3286 673 3360 praegravabit.
701 3288 807 3362 itaque
822 3288 1021 3362 cogitandum
1035 3294 1090 3361 est,

118 3376 231 3443 quanto
247 3366 345 3427 levior
359 3367 449 3428 dolor
464 3369 578 3429 sitnon
594 3369 708 3429 habere
723 3387 815 3444 quam
830 3371 979 3446 perdere:
1001 3380 1033 3433 et
1046 3370 1090 3432 in-

116 3452 293 3526 tellegemus
316 3452 487 3527 paupertati
503 3467 540 3512 eo
557 3453 702 3513 minorem
718 3461 939 3527 tormentorum
953 3470 1018 3531 quo
1034 3452 1090 3515 mi·
