2378 3856
176 213 237 276 lue
352 213 386 272 L.
408 212 554 273 ANNAEi
576 212 750 273 SENECAE
770 214 873 275 ulai.
895 214 948 274 vl.

177 376 221 429 tot
235 365 443 441 rogationibus
463 365 541 425 intra
561 373 689 439 penates
703 366 915 439 interemptum
929 381 1025 440 suos,
1041 367 1149 429 amiso

176 460 222 511 rat
236 452 351 510 incerto
367 446 471 507 caedis
487 454 620 508 auctore.
640 455 741 509 tamon
756 455 787 506 et
800 447 943 508 acerbam
952 456 1087 513 mortem
1100 451 1150 513 iiiii

178 542 208 594 et
221 533 344 592 inuitam
357 540 417 592 tam
436 546 546 605 magno
561 531 662 591 animo
675 530 748 602 tulit,
771 546 862 604 quam
881 531 949 607 ipse
963 533 1055 607 leges
1077 536 1149 595 tulo

144 627 161 679 5
175 625 230 677 rat.
252 614 517 675 lamoumiortuna
531 614 561 673 in
574 615 708 689 gratiam,
723 613 847 686 Marcia,
861 614 1038 688 reverteris,
1055 619 1083 677 si
1093 618 1150 679 teia

177 701 300 776 quaein
316 697 478 773 Scipiones
493 696 732 771 Scipionumque
752 704 863 757 matres
884 713 921 757 ac
938 697 1023 759 iiiios
1039 700 1148 776 exegit,

177 783 288 858 quibus
304 782 451 842 caesares
465 779 560 855 petiit,
582 795 621 839 ne
635 796 653 839 a
667 787 698 839 te
718 777 840 853 quidem
860 781 1033 843 continuitt
1058 782 1148 845 Plena

176 873 208 925 et
220 866 329 925 intesta
343 864 435 923 variis
448 863 571 923 casibus
582 862 645 922 vita
654 869 709 934 est,
724 877 743 921 a
759 860 869 936 quibus
883 864 959 924 nulii
972 865 1071 940 ionga
1082 881 1146 941 pax,

176 949 228 1009 vix
247 946 387 1008 induciae
406 952 486 1006 sunt
523 944 657 1018 Quatuor
677 945 790 1007 liberos
815 947 1001 1021 sustuleras,
1024 948 1146 1009 Marcie

175 1031 288 1091 natium
308 1030 392 1089 aiunt
413 1030 525 1088 trustra
550 1028 660 1087 cadere
682 1029 789 1101 telum,
818 1029 904 1104 quod
925 1030 955 1089 in
977 1032 1147 1097 censatum

174 1128 283 1186 agmen
297 1111 456 1172 inmissum
470 1117 532 1171 est:
554 1110 662 1171 mirum
680 1116 729 1171 est
741 1117 855 1171 tantam
869 1112 987 1175 turbam
1009 1130 1076 1177 non
1096 1130 1145 1190 po·

145 1204 162 1259 e
176 1196 272 1256 tuisse
286 1193 353 1255 sine
367 1195 482 1255 invidia
497 1194 650 1254 damnove
664 1193 875 1269 praetervehit
899 1197 968 1268 „At
986 1195 1063 1258 hoe
1076 1198 1146 1259 ini·

176 1277 289 1355 quior
302 1279 462 1339 fortuna
476 1276 558 1348 fuit,
576 1276 678 1352 quod
691 1293 763 1336 non
779 1284 923 1339 tanturn
937 1278 1090 1354 eripuit
1103 1281 1145 1340 n-

174 1364 264 1435 iios,
286 1362 354 1422 sed
369 1359 520 1435 elegit.“
540 1360 691 1435 Numqum
705 1365 806 1418 tamen
821 1360 961 1421 iniuriam
976 1362 1095 1425 dixeris
1109 1379 1147 1423 ex

173 1461 274 1520 aequo
290 1460 359 1504 cum
374 1444 545 1519 potentiore
559 1442 705 1514 dividere,
726 1442 804 1503 duas
820 1443 873 1503 tibi
886 1442 1010 1519 reliquit
1024 1445 1105 1507 filias
1120 1453 1147 1506 et

173 1528 281 1588 barum
302 1534 441 1601 nepotas.
473 1532 505 1585 et
522 1524 637 1600 ipsum,
665 1541 755 1599 quem
774 1526 905 1586 maxime
924 1527 1016 1601 luges
1035 1530 1146 1604 prioris

174 1611 275 1682 oblita,
295 1625 356 1669 non
372 1625 410 1668 ex
425 1615 487 1669 toto
508 1608 647 1669 abstutit=
668 1607 765 1669 habes
784 1624 824 1668 ex
843 1609 895 1671 iiio
909 1609 989 1673 dues
1010 1610 1102 1686 filias
1121 1611 1146 1673 si

173 1695 252 1754 male
268 1694 339 1766 fers,
355 1708 465 1767 magna
476 1706 578 1762 onera,
594 1690 722 1764 sibene,
738 1707 848 1766 magna
861 1693 980 1755 solatia.
998 1694 1032 1755 iu
1047 1694 1146 1757 boote

175 1777 325 1853 perduxit,
342 1783 376 1837 ut
391 1776 458 1836 ilias
478 1789 547 1833 eum
563 1773 687 1847 videris,
711 1774 905 1837 admonearis
925 1775 988 1849 filii,
1010 1793 1076 1839 uon
1094 1779 1145 1843 do

142 1868 158 1922 7
173 1862 255 1921 toris.
277 1860 422 1932 Agricola
434 1857 551 1918 eversis
563 1857 732 1931 arboribus,
750 1874 828 1932 quas
843 1865 896 1921 eut
910 1867 1022 1921 vemas
1038 1862 1144 1923 radici·

173 1952 222 2003 tus
237 1942 347 2002 evulsit
360 1950 413 2001 aut
426 1946 582 2001 contortus
603 1940 760 2015 repentino
776 1942 882 2016 inpetu
901 1941 989 2004 turbo
1011 1945 1146 2018 praeire·

173 2027 223 2100 git,
239 2025 376 2086 sobolem
394 2023 505 2084 exitiis
520 2023 673 2087 residuam
687 2025 770 2086 fovet
784 2032 814 2085 et
833 2025 1014 2089 amissarum
1031 2028 1147 2093 semina

174 2109 272 2169 stetim
286 2110 470 2183 planiusque
485 2107 629 2182 disponit
657 2116 689 2168 et
701 2114 870 2182 momento,
891 2124 960 2169 nam
981 2117 1017 2170 ut
1033 2111 1073 2173 ad
1094 2111 1145 2171 de·

173 2209 252 2266 mna,
264 2193 305 2252 ita
316 2193 355 2251 ad
366 2193 551 2253 incrementa
561 2191 701 2265 rapidum
712 2193 865 2267 veloxque
875 2197 996 2266 tempus
1007 2201 1066 2265 est,
1073 2193 1145 2259 adu·

140 2277 158 2332 8
171 2278 290 2336 tescunt
303 2275 425 2337 amissis
440 2275 574 2337 laetiore.
593 2273 657 2335 Has
672 2289 752 2334 nunc
765 2273 870 2336 Metilii
883 2274 926 2335 tui
938 2274 1019 2336 filias
1033 2277 1065 2337 in
1080 2278 1145 2341 eius

172 2361 271 2420 vicem
283 2359 432 2421 substitue
447 2366 477 2418 et
492 2363 650 2417 vacentem
664 2358 765 2417 iocum
778 2359 877 2433 exple.
898 2373 993 2419 unum
1008 2359 1144 2423 dolorem

172 2445 324 2516 geminato
339 2443 448 2503 solatio
459 2442 538 2501 leva.
559 2440 616 2500 Est
629 2441 751 2516 quidem
762 2438 838 2501 haec
854 2447 964 2501 natiue
973 2443 1145 2503 mortaiium

172 2534 204 2585 ut
222 2524 295 2584 nihii
315 2523 412 2597 magis
428 2524 547 2597 placeat
561 2539 652 2597 quam
669 2524 753 2597 quod
767 2525 913 2585 amissum
928 2531 986 2587 est.
1015 2526 1144 2601 iniquio-

170 2622 222 2665 res
238 2622 344 2666 sumus
361 2606 510 2665 adversus
528 2606 632 2665 relicta
652 2613 825 2680 ereptorum
846 2605 1011 2669 desiderio.
1042 2609 1100 2669 sed
1119 2607 1145 2667 si

172 2688 331 2747 aestimare
347 2687 490 2760 volueris,
512 2703 604 2761 quam
624 2687 713 2747 vaide
734 2687 788 2748 tibi
808 2690 943 2763 fortuna,
964 2689 1144 2759 etiamdum

171 2768 321 2844 saevierit,
346 2771 524 2846 pepercerit,
545 2770 626 2835 scies
641 2777 671 2831 te
686 2770 800 2833 babere
814 2775 883 2848 plus
905 2788 995 2848 quam
1019 2775 1142 2837 soiatie=

170 2855 292 2929 respice
305 2861 349 2916 tot
361 2862 500 2930 nepotes,
516 2855 595 2917 duas
606 2854 694 2917 fitias.
717 2855 766 2917 dic
780 2857 855 2916 illud
866 2871 1000 2932 quoque,
1013 2855 1143 2917 Mareia:

171 2954 337 3013 „moverer
358 2938 385 2999 si
401 2945 486 3003 esset
506 2939 617 3016 cuique
637 2941 757 3001 fortuna
777 2955 834 3015 pro
849 2938 985 3001 moribus
1006 2946 1038 2999 et
1058 2955 1142 3005 num·

171 3039 261 3096 quam
278 3025 358 3083 mata
371 3023 471 3084 bonos
487 3029 702 3097 sequerentur=
721 3038 802 3084 nnnc
817 3022 906 3082 video
923 3029 1067 3097 exempto
1082 3020 1143 3082 dis·

170 3107 295 3165 crimine
310 3106 419 3166 eodem
432 3105 524 3165 modo
539 3106 636 3167 motos
650 3103 962 3179 bonosque;iacteri.“

139 3197 154 3248 1
232 3187 529 3258 xv11.„eraveest
547 3192 656 3254 tamen,
679 3201 769 3259 quem
790 3187 970 3249 educaveris
991 3188 1142 3260 iuvenem,

169 3271 227 3328 iam
242 3267 337 3339 matri,
353 3267 412 3324 iem
424 3265 500 3340 patri
514 3265 701 3338 praesidium
709 3283 746 3326 ac
758 3269 861 3342 decus,
878 3270 1047 3331 amittere.“
1069 3269 1143 3344 Quis

169 3359 260 3426 negat
280 3361 374 3423 grave
394 3353 487 3406 esse?
513 3346 570 3406 sed
588 3346 786 3410 humanum
805 3358 872 3412 est.
900 3354 940 3412 ad
961 3354 1021 3415 hoc
1040 3353 1144 3428 genite

169 3451 213 3508 es,
228 3440 260 3494 ut
274 3431 431 3506 perderes,
451 3436 484 3488 ut
497 3427 628 3503 perires,
651 3438 682 3490 ut
695 3447 853 3507 sperares,
875 3444 1043 3510 metueres,
1064 3437 1143 3496 alios
