2378 3856
161 203 204 268 td
456 206 490 263 L.
509 203 655 263 ANNAEl
677 200 852 262 SENECAE

133 353 383 424 tnaeessarian,
405 352 478 427 quia
498 367 592 426 saepe
612 351 777 411 validiores
795 352 881 411 iuror
903 350 1012 411 reddit
1044 350 1147 425 entur

163 456 224 499 non
250 435 434 512 aliquotiens
457 441 556 496 metus
579 450 620 494 ox
642 434 795 494 contrario
820 433 894 494 tecit
914 433 1090 495 andacemt
1114 442 1147 497 et

162 523 269 582 mortis
288 519 378 580 timor
404 520 493 580 etiam
519 516 720 579 inertissimos
748 517 893 578 excitavit
910 516 942 577 in
966 517 1144 593 proeliumt

164 605 225 665 Sed
247 605 305 677 ira,
325 603 474 674 ebrietas,
495 608 593 662 metus
615 602 737 676 aliaque
752 601 903 661 eiusmodi
923 599 1017 662 foeda
1038 609 1073 662 ct
1092 617 1144 663 aa·

164 689 242 747 duca
263 687 453 748 inritamenta
472 694 543 746 sunt
557 701 614 746 nec
627 683 769 746 virtutem
783 684 943 758 instruunt,
965 699 1048 759 quae
1068 685 1145 745 nihil

164 770 243 830 vitiis
264 779 348 845 eget,
370 771 427 831 sed
441 784 568 844 segnem
588 769 702 844 alioqui
717 768 849 829 animum
863 776 895 829 et
907 768 1052 842 ignavum
1068 784 1145 844 pau·

134 855 224 915 tlum
244 853 396 915 adlevant.
424 853 519 913 Nemo
539 853 702 913 irascendo
717 852 752 912 lit
764 852 886 925 fortior,
909 851 969 913 nisi
983 852 1037 927 qui
1054 853 1146 914 torus

164 939 230 998 sine
251 938 295 997 ira
317 953 379 997 non
395 937 514 998 luisset
543 938 584 996 ita
598 952 660 996 non
675 937 706 996 in
720 934 903 995 adiutorium
916 934 1035 995 virtutis
1050 936 1145 1010 venit,

164 1021 220 1080 sed
240 1019 393 1079 invicem.
420 1020 497 1094 Quid
513 1019 613 1094 quod,
632 1020 659 1079 si
673 1020 788 1080 honum
802 1025 888 1079 esset
899 1019 961 1092 ira,
981 1019 1145 1094 perlech‘s·

163 1104 271 1164 simum
288 1118 441 1178 quemque
454 1109 653 1178 sequeretnrr
671 1103 756 1176 atqui
770 1101 997 1163 iracundissimi
1009 1100 1146 1164 iurantes

164 1201 319 1261 senesque
339 1193 369 1246 et
388 1186 473 1262 aegri
494 1193 573 1248 srurt.
605 1193 635 1247 et
654 1186 819 1247 invalidum
836 1199 926 1245 omne
941 1192 1051 1246 natura
1068 1202 1145 1261 que

162 1270 262 1330 rulum
276 1276 333 1330 est

31 1426 35 1433 Ι
136 1361 150 1410 t
225 1354 304 1414 xlv.
328 1354 420 1426 „Non
441 1360 543 1428 potest
562 1351 659 1429 inquit
678 1353 744 1414 lieri
758 1351 1003 1426 Theophrastus,
1027 1359 1145 1413 utnon

163 1438 210 1497 vir
231 1437 332 1497 bouus
347 1437 496 1497 irascatur
516 1437 633 1496 malis.“
660 1437 723 1496 Isto
744 1435 916 1509 modoque
936 1435 1044 1495 melior
1058 1436 1145 1510 quis·

166 1535 241 1593 que,
262 1519 322 1579 hoc
342 1519 517 1580 iracundior
538 1518 612 1579 erit:
632 1518 704 1580 vide
724 1533 762 1577 ne
776 1525 883 1579 contm
896 1516 1046 1592 placidior
1060 1520 1145 1581 soln-

135 1608 276 1677 ttusqne
299 1602 471 1661 adfectibus
492 1608 522 1661 et
542 1601 591 1663 cui
610 1617 699 1662 nemo
721 1601 793 1662 odio
814 1602 863 1662 sit
894 1599 1054 1663 Peccantis
1068 1616 1145 1664 vero

166 1685 240 1761 quid
253 1684 346 1744 habet
359 1700 414 1744 cur
428 1685 540 1757 oderit,
556 1699 625 1745 cum
639 1700 724 1745 error
738 1685 807 1745 illos
821 1684 852 1744 in
866 1685 1017 1745 eiusmodi
1032 1685 1147 1746 delicta

165 1769 339 1843 conpellatt
353 1784 414 1828 non
429 1774 591 1828 astantem
606 1769 765 1842 prandentis
779 1768 908 1828 errantis
923 1766 1046 1837 odisse;
1069 1769 1145 1831 alio

165 1853 237 1926 quin
254 1851 321 1925 ipse
336 1850 394 1910 sibi
406 1851 478 1912 odio
489 1851 554 1910 erit.
577 1851 694 1926 Cogitet
704 1867 795 1927 quam
806 1853 901 1913 multa
912 1850 1146 1913 contrabonum

164 1949 280 1995 morem
299 1933 406 2006 iaciat,
429 1949 518 2007 quarn
540 1935 633 1995 multa
647 1951 687 1995 ex
700 1934 748 1995 his
764 1950 843 2009 quae
857 1934 933 2009 egit,
954 1935 1076 1995 veniam
1090 1935 1144 1995 de·

165 2017 313 2077 siderentt
333 2016 393 2076 iam
412 2016 562 2078 irascetur
579 2017 669 2078 etiam
692 2017 760 2078 sibi.
793 2032 894 2093 neque
918 2018 999 2077 enim
1023 2033 1145 2094 aequus

164 2101 259 2161 iudex
281 2100 370 2160 aliam
393 2100 433 2161 de
458 2117 529 2174 sna,
553 2101 643 2160 aham
663 2100 702 2161 de
728 2100 828 2161 aliena
848 2117 944 2162 causa
963 2103 1146 2163 senteutiam

134 2184 230 2244 sient.
258 2183 369 2256 Nemo,
388 2183 525 2259 inquam,
548 2184 718 2245 invenietur
739 2183 791 2259 qui
806 2200 841 2245 se
854 2184 954 2260 possit
967 2185 1143 2247 absolvere.

164 2275 195 2326 et
214 2269 408 2328 innocentem
429 2268 561 2342 quisque
588 2283 623 2329 se
643 2266 716 2329 dicit
735 2268 906 2343 respiciens
926 2274 1053 2342 testem,
1081 2285 1144 2330 uon

165 2352 390 2412 conscientiam.
430 2351 548 2424 Quanto
568 2351 730 2414 humanius
750 2353 852 2412 mitem
879 2360 910 2412 et
929 2351 1061 2427 patrium
1080 2352 1145 2413 aui·

164 2452 246 2495 mum
260 2441 417 2509 praestare
433 2435 632 2510 peccantibus
648 2443 678 2496 et
691 2435 761 2496 illos
776 2452 837 2496 non
851 2435 1007 2510 persequi,
1021 2435 1084 2497 sed
1096 2450 1145 2496 re

163 2524 289 2576 vocare!
318 2517 476 2576 Errantem
497 2533 553 2591 per
573 2533 664 2590 agros
684 2516 857 2590 ignorantia
876 2518 945 2577 viae
967 2518 1077 2579 melius
1097 2526 1146 2580 est

164 2598 202 2657 ad
216 2605 332 2657 rectum
346 2598 403 2656 iter
417 2599 581 2658 admovere
597 2615 688 2672 quam
703 2601 868 2673 expellere.
1088 2671 1092 2676 ,

136 2688 149 2737 1
223 2680 289 2739 XV.
302 2679 505 2753 Corrigendus
520 2689 568 2740 est
579 2678 691 2754 itaque,
705 2679 757 2755 qui
768 2690 885 2757 peccat,
897 2693 927 2745 et
938 2682 1146 2747 admonitione

164 2772 193 2823 et
208 2762 252 2836 vi,
268 2768 299 2822 et
313 2761 443 2821 molliter
459 2770 490 2822 et
503 2777 622 2837 aspere,
637 2763 805 2837 meliorque
819 2772 880 2825 tam
895 2767 954 2829 sibi
970 2783 1063 2841 quarn
1076 2767 1144 2829 aliis

164 2845 323 2907 faciendus
345 2860 406 2907 non
427 2846 494 2906 sine
509 2844 722 2920 castigatione,
743 2847 800 2906 sed
814 2848 881 2908 sine
895 2851 948 2910 ira.
978 2851 1048 2925 quis
1063 2852 1144 2911 enim

164 2931 212 2990 eui
227 2930 365 2990 medetur
378 2930 540 2991 irasciturt
553 2936 584 2989 at
597 2928 707 3002 corrigi
722 2939 877 3004 nequeunt
891 2934 1028 3009 nihilque
1038 2933 1070 2993 in
1084 2935 1145 2995 illis

163 3014 232 3071 lene
252 3020 304 3073 aut
320 3012 389 3087 spei
409 3013 511 3074 bonae
531 3028 630 3087 capax
651 3017 713 3073 est=
735 3013 879 3074 tollantur
893 3031 911 3075 e
926 3024 1018 3077 coetu
1032 3024 1144 3078 morta-

163 3093 235 3151 lium
250 3095 357 3152 lacturi
372 3095 479 3167 peiora
493 3111 574 3169 quae
588 3093 765 3168 contingunt
776 3106 806 3157 et
817 3114 879 3172 quo
889 3115 951 3159 nno
963 3101 1057 3161 modo
1071 3116 1145 3176 pos·

134 3177 250 3245 dsunt,
274 3174 415 3235 desinant
435 3177 505 3236 mali
521 3192 608 3249 esse,
630 3176 687 3236 sed
700 3176 760 3237 hoc
775 3179 842 3240 sine
856 3180 938 3253 odio.
969 3183 1047 3257 Quid
1063 3184 1145 3245 enim

162 3264 224 3331 est,
246 3273 299 3317 cur
313 3257 429 3317 oderim
445 3275 529 3332 eum,
551 3259 600 3318 cui
622 3266 683 3319 tum
707 3262 837 3322 maxime
852 3281 995 3341 prosum,
1016 3283 1088 3328 curn
1108 3269 1144 3328 il-

112 3384 116 3391 .
162 3344 224 3401 lum
245 3341 303 3402 sibi
323 3338 441 3415 eripior
460 3341 537 3401 Num
559 3341 629 3415 quis
649 3344 784 3405 membra
807 3362 865 3407 sua
885 3353 957 3410 tunc
973 3350 1052 3423 odit,
1075 3366 1145 3411 cum

161 3424 312 3487 abscidit?
327 3441 388 3486 non
401 3429 449 3486 est
461 3424 512 3484 illa
525 3424 584 3498 ira,
602 3424 659 3484 sed
673 3424 786 3488 misera
797 3429 924 3491 curatio.
946 3433 1085 3494 Rabidos
1100 3435 1145 3494 el·
