2378 3856
169 204 230 268 106
461 206 494 265 l..
513 204 660 266 ANNAEl
681 205 858 265 SENECAE

165 357 251 417 alteri
272 363 377 432 erepta
396 355 568 428 transferri,
596 355 704 416 eudem
725 354 949 419 adfectantibus
970 372 1098 433 pugnus
1117 366 1148 423 et

166 440 264 516 iurgia
277 440 420 500 excitant.

136 535 148 585 1
225 523 345 584 XXXV.
368 520 582 598 Respondisse
594 521 648 582 tibi
663 538 787 583 servum
802 519 973 596 indignaris
988 523 1146 589 liberlum·

167 622 228 682 que
244 615 276 667 et
288 621 416 667 uxorem
431 613 462 666 et
482 605 637 666 clientem:
659 605 771 665 deinde
785 605 865 665 idem
878 605 920 665 de
932 607 1099 682 republica
1111 608 1145 671 ll·

165 691 312 750 bertntem
326 688 632 764 sublatamquereris,
649 705 740 763 quam
747 688 831 750 domi
843 689 1005 751 sustulisti.
1033 708 1144 757 rursus

133 785 150 837 l
164 775 191 834 si
206 776 300 836 tacuit
314 776 525 848 interrogatus,
541 774 762 833 contumaciam
775 787 882 833 vocas.
902 772 941 835 El
954 773 1102 850 loquauu
1114 784 1145 839 et

164 866 264 918 taceat
283 866 314 919 et
334 857 445 917 rideata
479 872 582 917 coram
604 856 750 916 dominot
776 856 893 932 inquisz
928 857 1022 921 immo
1038 874 1143 923 eoram

167 948 251 1017 patre
267 941 407 1001 familiae.
436 939 515 1013 Quid
530 941 666 999 clamart
682 939 755 1014 quid
771 939 974 1001 vocilerarisl
995 942 1074 1017 quid
1088 940 1141 1005 lla·

164 1025 244 1099 gella
258 1024 359 1084 media
372 1037 471 1083 coena
486 1022 574 1097 petis,
591 1023 675 1096 quod
689 1023 771 1083 servi
786 1026 960 1099 loquuntur,
977 1026 1068 1101 quod
1082 1042 1141 1089 non

131 1120 149 1173 3
164 1106 273 1167 eodem
289 1109 359 1167 loeo
373 1107 462 1167 turba
477 1107 636 1168 concionis
650 1114 706 1179 est,
722 1106 874 1169 silentium
887 1107 1090 1171 solitudinisl
1111 1111 1141 1173 iu

164 1189 223 1251 hoc
237 1190 333 1251 habes
348 1205 449 1263 aures,
469 1198 577 1251 utnon
591 1190 745 1250 modulata
758 1197 874 1252 tantum
893 1198 925 1251 et
937 1193 1046 1255 mollia
1059 1201 1091 1255 el
1103 1210 1141 1255 ex

164 1274 762 1350 duleitractaconpositaqueaccipiant:
784 1275 1140 1363 etrisumaudlaaopor

163 1365 206 1418 tet
221 1365 252 1418 et
268 1358 380 1430 lletum,
397 1366 428 1419 et
441 1358 603 1419 blanditias
618 1366 649 1419 et
662 1359 740 1432 lites,
761 1365 791 1418 et
810 1372 963 1434 prospera
982 1366 1015 1421 el
1034 1361 1140 1434 tristia,

163 1448 193 1501 et
205 1442 361 1503 hominum
374 1457 469 1502 voces
477 1451 507 1502 et
514 1442 649 1502 iremitus
657 1441 828 1502 animalium
842 1443 1047 1518 latratusque.
1063 1444 1139 1520 quid

163 1525 256 1584 miser
271 1525 454 1601 expavescis
477 1526 516 1584 ad
538 1528 701 1585 clamorem
720 1525 813 1597 servi,
833 1525 874 1585 ud
894 1526 1037 1589 tinuiuun
1060 1527 1138 1589 aeria

163 1613 215 1666 aut
228 1609 337 1667 ianuae
358 1607 533 1682 inpulsum?
560 1625 628 1668 oum
642 1616 702 1668 tam
717 1609 866 1670 delicatus
881 1609 987 1683 tueris,
1007 1610 1140 1673 tonitrua

129 1696 147 1750 4
161 1689 314 1750 audienda
329 1698 409 1751 sunt.
437 1691 504 1751 Hoc
512 1693 595 1765 quod
610 1693 650 1752 do
663 1691 788 1752 auribus
804 1693 917 1753 dictum
932 1698 989 1767 est,
1004 1696 1137 1757 transiet

164 1774 203 1834 ad
219 1774 336 1848 oculos,
353 1775 480 1849 quinon
496 1775 596 1835 minus
612 1774 735 1836 lastidio
749 1774 897 1849 laborant,
912 1776 939 1836 si
954 1777 1038 1839 male
1054 1777 1137 1841 iusti

161 1859 215 1917 tuti
231 1865 316 1917 sunt:
337 1858 456 1918 macula
470 1856 665 1918 offenduntur
685 1867 715 1918 et
728 1859 873 1920 sordibus
888 1867 920 1920 et
939 1869 1072 1934 argento
1086 1878 1137 1939 pa·

130 1948 227 2000 orum
248 1942 411 2015 splendido
429 1949 459 2001 et
478 1946 587 2015 stagno
607 1958 669 2001 non
690 1943 730 2001 ad
749 1943 850 2003 solrun
869 1944 1061 2018 perlucente.
1101 1942 1138 2007 lli

161 2041 272 2101 nempe
288 2024 377 2098 oculi,
398 2025 526 2100 quinon
541 2025 642 2086 lerunt
661 2025 720 2086 nisi
735 2027 850 2086 varium
870 2041 907 2086 ao
925 2027 1047 2089 recenti
1066 2044 1138 2091 eura

161 2107 260 2169 nitens
276 2125 417 2184 marmor,
432 2110 485 2186 qul
499 2123 636 2170 mensam
651 2109 709 2169 nisi
724 2109 840 2170 crebris
853 2108 1029 2171 distinctum
1039 2113 1135 2185 venis,

163 2192 214 2268 qui
231 2194 337 2254 nolunt
351 2195 433 2254 domi
447 2195 505 2255 nisi
520 2208 595 2254 auro
610 2193 793 2269 pretiosiora
810 2193 929 2267 calcmi,
943 2195 1136 2269 aequissimo

161 2277 262 2338 animo
277 2277 352 2338 loris
364 2286 394 2337 et
406 2279 532 2338 scabras
543 2279 724 2353 lutosasque
736 2277 860 2338 semitas
871 2283 1015 2351 spectant
1028 2286 1062 2340 el
1074 2297 1137 2341 ma·

160 2361 255 2421 iorem
271 2369 386 2437 partem
402 2363 605 2422 oemrentium
619 2361 800 2436 squalidam,
815 2360 950 2436 parietes
964 2358 1137 2425 insularum

160 2459 283 2518 exesos,
298 2445 440 2516 rimosos,
456 2443 645 2519 inaequales.
689 2444 767 2518 Quid
782 2460 856 2520 ergo
870 2444 953 2505 aliud
967 2452 1027 2521 esl,
1050 2446 1137 2523 quod

159 2526 227 2586 illos
243 2528 273 2585 in
296 2528 419 2604 publico
434 2543 496 2587 non
512 2527 656 2599 offendat,
677 2527 760 2588 domi
775 2536 903 2601 moveat,
918 2543 1013 2602 quem
1028 2530 1135 2607 opinio

158 2608 219 2668 illie
233 2625 334 2683 aequa
348 2616 378 2668 et
392 2609 518 2684 patiens,
535 2610 617 2670 dorni
628 2626 752 2671 morosa
766 2616 797 2671 el
811 2613 960 2686 querulas

128 2699 142 2748 1
219 2691 353 2752 XXXVl.
370 2691 601 2754 Omnessensus
612 2693 802 2768 perducendi
816 2695 937 2755 suntad
948 2694 1134 2760 firmitatem.

158 2782 265 2836 natura
281 2776 430 2851 patientes
446 2783 524 2849 sunt,
545 2776 573 2837 si
587 2778 705 2838 animus
725 2777 795 2838 illos
816 2779 907 2838 desiit
922 2794 1134 2856 corrumpere,

158 2860 209 2934 qui
225 2860 336 2922 cotidie
350 2861 389 2920 ad
404 2858 550 2920 rationem
566 2861 752 2922 reddendam
768 2863 927 2923 vocandus
941 2871 1000 2924 est.
1026 2862 1132 2926 Facie·

157 2942 209 3004 bat
226 2943 285 3006 hoc
301 2945 433 3017 Sextius,
455 2952 488 3005 ut
504 2954 713 3006 consummato
729 2946 787 3020 die,
809 2960 878 3005 cum
894 2961 930 3006 se
950 2947 992 3007 ad
1005 2955 1132 3010 nomun-

157 3042 226 3085 nam
240 3030 370 3103 quietern
384 3029 562 3101 recepisset,
574 3031 773 3104 interrogaret
779 3030 912 3089 animum
924 3045 1030 3090 struma
1045 3032 1132 3106 quod

156 3106 248 3168 hodie
262 3111 374 3171 malum
387 3117 471 3170 tuum
487 3113 623 3171 sanasti?
642 3115 691 3171 cui
706 3110 778 3173 vilio
790 3111 951 3173 obsederit
966 3128 1029 3188 qua
1043 3121 1133 3190 purte

124 3197 142 3250 2
155 3189 262 3250 melior
272 3199 328 3251 esi
362 3193 488 3253 Desinet
502 3193 547 3253 ira
561 3202 591 3255 et
604 3194 788 3257 moderatior
800 3195 866 3270 crit,
883 3211 962 3272 quae
976 3197 1057 3259 sciet
1069 3195 1130 3259 sibi

156 3271 268 3333 cotidie
282 3275 321 3334 ad
336 3275 466 3336 iudicem
482 3291 553 3335 esse
567 3278 759 3339 veniendum.
791 3281 956 3355 quicquam
969 3294 1046 3355 ergo
1062 3282 1130 3356 pul·

156 3357 258 3417 chrias
274 3357 331 3418 hae
346 3359 568 3421 consuetudine
583 3359 755 3423 excutiendi
768 3369 864 3424 totum
878 3364 981 3424 diemt
1021 3363 1129 3439 Qualis

154 3439 204 3499 ille
219 3457 346 3502 somnus
357 3451 428 3518 post
441 3444 679 3520 recognitionem
692 3446 740 3507 sui
751 3447 908 3522 sequiturt
942 3462 1033 3522 quam
1045 3454 1129 3509 uon·
