2378 3856
160 192 203 255 32
245 192 348 253 brat.
366 190 403 250 11.
431 191 485 251 Ab
501 188 685 249 SERENUM
699 187 774 247 NEC
789 186 972 248 trtttttttattt
985 186 1070 251 NEC

161 351 236 404 tum
262 340 402 402 dixisset.
446 336 596 397 aduersus
621 337 680 397 alia
703 336 864 397 maledicta
887 352 992 399 mores
1020 346 1056 401 et
1080 338 1150 403 vta·
1186 373 1189 418 p

161 421 411 487 convulnerantia
426 420 533 481 frontis
553 420 596 480 illi
609 419 736 480 llrmitas
752 421 894 495 constitit,
914 421 1078 485 adversus
1093 422 1149 485 boe
1186 435 1189 506 ξ

161 519 221 570 tarn
237 504 404 567 absurdum
419 502 562 563 lacrimae
577 502 789 579 prociderunt:
817 510 901 565 tanta
915 504 1096 567 animorum
1109 506 1149 567 in
1188 525 1189 528 ¹

133 591 309 652 abecillitas
325 596 386 661 est,
408 587 459 649 ubi
474 589 550 648 ratio
565 587 719 647 discessit.
756 586 832 661 Quid
849 588 933 663 quod
948 586 1148 661 offendimur,
1185 655 1189 680 ·

161 676 187 734 si
204 674 273 750 quis
288 688 461 734 sermonem
476 678 614 733 nostrum
630 670 775 743 imitatur,
801 670 827 730 si
844 670 913 746 quis
927 670 1149 749 incessum,rl

163 760 230 834 quis
246 757 350 818 vitium
365 756 488 831 aliquod
505 755 645 831 corporis
661 763 713 814 aut
727 755 848 829 linguae
863 754 1031 829 exprimite
1062 754 1149 835 quati

161 843 279 903 notiora
294 841 345 902 illa
359 841 433 901 liant
447 840 506 899 allo
520 840 653 900 imitante
669 854 761 912 quam
776 838 865 898 nobis
880 838 1082 903 iacientibus.
1093 856 1149 903 se
1178 849 1179 896 t

161 933 312 986 nectutem
334 924 457 1000 quidam
480 923 564 982 inviti
582 921 710 982 audiunt
730 929 760 981 et
775 937 870 982 canos
885 929 915 982 ct
930 920 992 983 alia
1009 924 1053 983 ad
1071 940 1149 1001 qued

161 1017 233 1070 voto
251 1007 435 1082 pervenitur.
456 1006 644 1082 paupertatis
659 1005 851 1066 maledictum
868 1005 1024 1081 quosdam
1042 1022 1149 1083 perus·

163 1093 210 1162 sit,
234 1107 325 1167 quam
340 1090 398 1151 sibi
414 1090 526 1150 obiecit
540 1088 681 1164 quisquis
696 1088 873 1173 abscondite
902 1090 1009 1165 itaque
1023 1090 1149 1153 materia

162 1174 367 1250 petulantibus
388 1182 419 1234 et
439 1189 495 1249 per
518 1172 728 1233 contumeliam
755 1172 880 1233 urbanis
906 1170 1099 1249 detrahitur,
1125 1174 1148 1237 si

165 1261 243 1320 ultro
259 1259 339 1319 illam
355 1266 386 1319 et
400 1258 483 1333 prior
495 1273 639 1332 occupes.
663 1257 758 1317 Nemo
773 1255 867 1316 risum
883 1255 1028 1331 praebuit
1044 1256 1101 1333 qui
1114 1272 1149 1319 ex

135 1352 198 1406 sse
219 1342 309 1418 cepit.
349 1342 520 1413 Vatinium,
550 1340 702 1401 hominem
725 1347 828 1400 natum
846 1349 876 1400 et
895 1339 934 1398 ad
948 1339 1052 1401 risum
1067 1348 1101 1403 et
1114 1340 1148 1405 ed

163 1427 277 1500 odium,
293 1441 430 1486 scurram
446 1425 543 1485 luisse
558 1431 587 1484 et
600 1431 761 1485 venustum
778 1439 814 1482 ac
829 1422 965 1482 dicacem
980 1424 1148 1487 memoriae

164 1510 318 1584 proditum
334 1514 389 1566 est.
427 1507 456 1566 in
474 1508 570 1582 pedes
586 1524 661 1567 suos
683 1508 751 1582 ipse
772 1507 901 1583 plurima
921 1504 1050 1570 dicebat
1070 1508 1147 1572 etlu

164 1595 270 1652 lauces
290 1590 443 1650 concisas.
488 1589 533 1650 sic
553 1591 757 1663 inimicorum,
783 1606 863 1666 quos
885 1591 991 1665 plures
1014 1590 1147 1654 babebat
1176 1649 1179 1676 ι

165 1691 257 1751 quam
270 1673 412 1744 morbos,
434 1679 464 1732 et
478 1673 507 1731 in
523 1673 628 1748 primis
645 1673 800 1734 Ciceronis
814 1672 1018 1733 urbanitatem
1034 1674 1146 1751 effuge·

162 1766 219 1819 rat.
243 1757 275 1818 Si
291 1757 350 1817 boc
365 1755 463 1832 potuit
478 1755 528 1815 ille
543 1756 655 1817 duritia
672 1758 744 1831 oris,
775 1757 826 1832 qui
842 1756 980 1817 adsiduis
996 1758 1146 1821 conviciis

164 1842 320 1916 depudcre
335 1839 496 1899 didicerat:
521 1855 576 1899 cur
589 1840 615 1900 is
630 1857 691 1900 non
708 1841 817 1916 possit,
844 1841 896 1916 qui
911 1838 1025 1901 studiis
1041 1842 1146 1904 libert·
1180 1851 1183 1916 t

164 1924 243 1985 libus
259 1930 289 1983 et
303 1923 470 1997 sapientiae
486 1925 568 1984 cultu
589 1923 628 1983 ad
650 1924 782 1999 aliquem
803 1924 976 1998 proiectum
996 1940 1146 1999 pervene-

140 2008 220 2069 tritt
254 2007 351 2066 Adice
368 2006 451 2080 quod
466 2021 564 2080 genus
578 2007 701 2068 ultionis
717 2014 764 2067 est
784 2008 904 2083 eripere
919 2006 964 2078 ei,
991 2009 1050 2083 qui
1071 2008 1144 2083 lecit,

165 2092 263 2150 iactae
278 2088 480 2151 contumeliae
496 2093 691 2166 voluptatem.
728 2093 828 2153 solent
849 2091 967 2150 dicere:
992 2108 1036 2166 „o
1059 2093 1145 2155 mise·

163 2190 231 2235 rum
250 2181 314 2233 met
339 2181 423 2248 puto,
439 2190 498 2234 non
515 2174 695 2236 intellexir‘:
715 2175 794 2235 adeo
810 2175 927 2235 tructus
943 2176 1146 2237 contumeliae

165 2258 194 2317 in
211 2274 307 2318 sensu
320 2266 350 2318 et
364 2257 573 2333 indignatione
588 2258 729 2335 patientis
744 2266 801 2319 cst.
836 2255 954 2318 Deinde
969 2273 1035 2321 non
1054 2258 1147 2323 deerit

164 2343 205 2401 illi
220 2342 387 2417 aliquando
404 2357 468 2416 par.
491 2343 661 2404 invenietur
677 2343 728 2418 qui
744 2350 774 2403 te
793 2356 918 2419 quoque
931 2340 1082 2407 vindicet.

135 2431 147 2482 1
223 2426 330 2485 XVlll.
353 2425 384 2485 C.
401 2426 513 2486 Caesar
528 2426 605 2487 inter
620 2434 722 2487 cetera
735 2426 816 2500 vitia,
833 2425 946 2501 quibus
960 2424 1146 2501 abundabat,

165 2510 402 2568 contumeliosus
417 2509 592 2568 mirabiliter
606 2509 759 2569 serebatur
776 2508 875 2569 omnis
891 2508 994 2582 aliqua
1016 2518 1095 2572 nota
1108 2510 1146 2571 le·

164 2589 271 2663 riendi,
286 2589 355 2664 ipse
370 2590 495 2649 materia
508 2592 590 2651 risus
608 2589 843 2664 benignissima=
864 2597 947 2652 tanta
960 2591 1003 2652 illi
1018 2594 1145 2669 palloris

163 2672 313 2732 insaniam
338 2673 477 2733 testantis
504 2672 635 2733 foeditas
668 2680 748 2747 erat,
782 2680 862 2735 tanta
895 2675 1060 2737 oculorum
1093 2676 1146 2741 sub

165 2758 263 2816 fronte
284 2755 356 2816 anili
379 2757 532 2817 latentium
548 2755 690 2830 torvitas,
715 2763 798 2817 tanta
823 2759 931 2833 capitis
957 2758 1099 2823 destituti
1121 2766 1148 2823 cl
1180 2775 1189 2858 l

164 2840 363 2901 emendicatis
379 2841 497 2914 capillis
514 2837 657 2913 adspersi
672 2839 860 2902 deformitas.
880 2842 967 2903 adice
983 2842 1147 2911 obsessam
1188 2845 1189 2852 ’

165 2924 240 2985 setis
256 2925 407 2985 cervicem
423 2930 452 2982 et
473 2920 635 2984 exilitatem
658 2939 780 2984 crurum
805 2931 835 2984 et
859 2925 1074 2989 enormitatem
1098 2944 1147 3007 pa·
1180 2939 1182 2990 ῑ

165 3009 246 3068 dum.
283 3009 456 3067 Inmensum
470 3013 531 3080 est,
553 3006 580 3067 si
600 3007 689 3067 velim
711 3008 832 3083 singula
846 3009 973 3082 relerre,
993 3026 1054 3085 per
1069 3026 1146 3089 quaa
1187 3021 1189 3038 “

164 3091 194 3149 in
212 3097 354 3164 parentes
370 3103 509 3163 avosque
524 3105 599 3151 suos
621 3090 861 3152 contumeliosus
883 3092 952 3165 luit,
982 3109 1041 3169 per
1068 3110 1147 3174 quae
1188 3099 1189 3140 ἒ

164 3171 193 3230 in
210 3174 372 3232 universos
388 3171 529 3232 ordines:
555 3189 592 3233 ea
612 3175 756 3247 rcleram,
783 3191 862 3250 quae
883 3176 966 3235 illum
982 3179 1080 3241 exitio
1097 3181 1144 3242 de·
1188 3179 1189 3198 ²

136 3256 282 3317 aderunt.
317 3254 484 3315 Asiaticum
500 3256 656 3317 Valerium
685 3257 714 3315 in
740 3258 845 3333 primis
871 3257 977 3320 amicis
1003 3260 1146 3337 habebat,
1188 3275 1189 3278 ’

164 3340 298 3401 lerocem
314 3339 409 3398 virum
430 3345 459 3397 et
480 3338 531 3398 vix
556 3354 656 3415 aequo
678 3340 779 3402 animo
801 3343 917 3403 alienas
943 3349 1146 3409 contumelias

164 3423 301 3486 laturum.
336 3421 408 3483 huic
423 3421 452 3481 in
469 3419 626 3498 convivio,
648 3423 718 3484 item
733 3425 762 3485 in
779 3427 929 3487 concione
947 3443 1025 3490 voce
1043 3432 1149 3493 claris·
