2378 3856
93 167 287 230 ACCIDANT
308 167 390 230 CUM
409 167 672 230 PROVIDENTIA
691 169 759 230 SIT.
787 171 864 230 l.11.
949 170 969 233 5

56 337 97 381 rm
112 335 185 381 cura
200 328 262 396 est,
285 337 353 382 curn
368 320 543 383 fortissimis
564 324 738 399 quibusque
758 324 926 400 confligere
940 333 971 388 ot

56 419 112 464 ere
130 405 169 464 ab
184 403 233 464 liis
249 420 304 479 per
326 418 406 481 quos
421 406 576 466 certamini
591 415 828 484 praeparantur,
850 416 884 469 ut
896 408 970 471 totis

56 504 94 548 ra
105 487 194 563 ipsos
206 487 322 549 tintus
338 496 468 550 uantur.
489 489 577 550 caedi
587 506 623 551 se
635 491 804 566 vexarique
818 493 972 568 patiuntur

69 587 132 632 non
144 569 305 633 inveniunt
316 572 457 649 singidos
468 589 568 649 pares,
584 575 723 649 pluribus
733 575 822 635 simul
835 576 970 637 obiciun-

63 655 182 716 Marcet
193 656 259 716 sine
268 657 445 717 adversario
456 656 563 718 virtus.
586 659 1004 734 tuncadpmetquantasitr

56 747 196 816 utrimque
212 741 341 816 polleat,
363 756 431 801 cum
452 741 527 815 quid
547 742 648 817 possit
667 740 814 817 patientia
827 744 969 804 ostendit.

56 843 77 887 s
97 824 167 885 licat
188 823 269 884 idem
288 825 363 885 vlris
382 823 474 885 bonis
494 839 567 886 esse
581 825 770 900 iaciendum,
790 833 825 886 ut
840 826 916 887 dura
933 843 971 886 ae

56 910 123 970 cilia
137 925 199 969 non
213 909 412 970 reformident
424 924 481 969 neo
496 908 534 969 de
548 910 612 970 lato
623 916 798 985 querantur.
824 911 969 986 quioquid

56 991 192 1068 tithoni
207 993 376 1066 consulant,
392 993 424 1052 in
436 992 553 1054 bonurn
565 1000 693 1055 vertant.
725 993 793 1053 Non
808 995 897 1069 quid,
913 993 970 1054 scd

56 1077 245 1138 nadmodum
256 1078 337 1138 ieras
350 1077 484 1139 interest
502 1077 570 1136 Non
582 1077 680 1151 vides,
693 1083 808 1150 quanto
819 1076 907 1138 aliter
916 1092 969 1154 pa·
985 1095 1001 1146 5

57 1163 163 1235 ,aliter
172 1167 284 1222 matres
296 1161 496 1236 indulgeant?
514 1160 557 1220 illi
569 1159 729 1219 exercitari
739 1158 846 1220 iubent
855 1161 969 1222 liberos

59 1245 142 1305 tudio
154 1245 298 1305 obeunda
311 1251 443 1316 mature,
458 1243 573 1303 leriatis
585 1257 710 1316 quoque
721 1242 832 1303 diebus
842 1259 904 1303 non
916 1261 969 1318 pa-

56 1336 100 1390 tur
116 1343 188 1389 esse
201 1328 320 1390 otiosos
335 1335 364 1389 et
379 1327 525 1387 sudorem
540 1326 600 1386 illis
616 1331 647 1387 et
661 1326 814 1387 interdurn
829 1326 970 1387 lacrimas

56 1413 153 1473 utiunt
181 1419 212 1472 at
232 1419 344 1473 matres
364 1412 470 1471 lovere
489 1411 519 1469 in
539 1410 625 1484 sinu,
647 1409 803 1471 continere
818 1410 849 1469 in
863 1409 971 1471 umbra

56 1502 109 1569 int,
125 1512 290 1574 numquam
306 1493 397 1568 llere,
415 1510 581 1570 numquam
596 1493 783 1568 contristari,
803 1502 970 1570 numquam

56 1594 136 1640 rare.
158 1579 290 1640 Patrium
308 1580 386 1640 deus
408 1577 500 1639 habet
518 1578 670 1639 adversus
690 1576 791 1638 bonos
805 1577 890 1639 viros
906 1576 1002 1639 uui-6

56 1680 69 1722 n
83 1670 115 1723 et
128 1663 197 1724 illos
209 1663 326 1724 fortiter
336 1670 416 1723 amat
430 1669 474 1723 et:
496 1662 658 1737 operibus,
673 1661 786 1737 inquit,
800 1659 969 1733 doloribus,

59 1747 107 1806 nia
121 1746 328 1822 exagitentur,
350 1755 384 1807 ut
396 1761 504 1806 verum
519 1743 663 1819 colligant
677 1744 780 1805 robur.
810 1745 971 1820 Languent

57 1829 196 1890 inertiam
210 1831 347 1906 saginata
361 1846 419 1891 nec
429 1830 535 1890 labore
547 1835 676 1902 tantum,
693 1828 748 1888 sed
761 1835 846 1889 motu
858 1835 889 1889 et
899 1827 968 1903 ipso

56 1928 145 1972 onere
160 1914 312 1975 deliciunt
335 1932 395 1976 non
410 1914 572 1974 iertulium
587 1913 811 1973 ictum-inlaesa
825 1912 968 1973 solicitam

56 1996 83 2056 lii
95 1996 225 2057 adsidua
240 2000 295 2058 luit
309 2015 378 2058 oum
393 1997 596 2057 incommodis
612 1997 678 2056 suis
692 1997 773 2069 rixa,
791 1996 900 2057 callum
915 1994 970 2070 pei·

56 2079 114 2138 rias
129 2079 216 2140 duxit
228 2095 284 2141 nec
299 2081 352 2141 ulli
365 2082 445 2144 malo
462 2081 557 2154 cedit,
579 2081 636 2141 sed
651 2079 769 2140 etiamsi
784 2079 911 2150 cecidit,
931 2079 970 2138 de

56 2178 71 2221 o
86 2168 209 2235 pugnat.
235 2162 355 2225 Miraris
369 2170 417 2239 tu,
432 2166 460 2225 si
475 2166 552 2225 dens
570 2164 619 2223 ille
634 2164 784 2224 bonorum
799 2161 969 2222 eruentissi-
983 2171 999 2225 7

64 2290 72 2318 ,
95 2243 148 2319 qui
161 2244 230 2305 illos
246 2262 336 2319 quam
352 2249 484 2321 optimos
502 2254 574 2308 esso
589 2253 681 2320 atqua
694 2245 969 2306 excellentissimos

58 2373 66 2403 ,
88 2328 239 2388 fortunam
259 2327 319 2387 illis
339 2343 408 2388 cum
429 2347 490 2405 qua
509 2336 710 2391 exerceantur
726 2327 889 2403 adsignati
909 2342 968 2402 ego

56 2431 62 2469 r
77 2427 138 2472 non
153 2410 255 2472 miror.
290 2410 322 2472 si
337 2413 502 2488 aliqnando
515 2415 652 2489 inpetum
668 2410 808 2488 capiunt,
830 2416 971 2487 spectant

56 2511 161 2570 regnos
176 2496 261 2558 viros
276 2496 485 2559 conluctantes
501 2514 570 2558 oum
585 2496 688 2572 aliqua
703 2497 882 2556 calamitate.
909 2495 1001 2569 No-,ss

56 2580 199 2640 interdum
210 2579 359 2655 uoluptati
374 2588 435 2654 est,
452 2581 479 2640 si
493 2582 678 2640 adulescens
694 2578 862 2641 constantis
878 2578 969 2638 animi

57 2669 154 2745 entem
170 2663 266 2723 ieram
279 2662 432 2724 venabulo
448 2664 584 2739 excepit,
600 2663 627 2723 si
639 2664 738 2724 leonis
753 2662 910 2723 incursum
925 2662 968 2719 iu·

56 2749 107 2805 ,tus
125 2746 256 2820 pertulit
289 2753 435 2822 tantoque
461 2746 525 2805 hoc·
541 2748 751 2821 spectaculum
772 2753 820 2806 est
842 2744 968 2821 gratius,

56 2835 101 2889 nto
112 2828 144 2887 id
154 2827 312 2890 honestior
323 2831 404 2890 lecit.
431 2846 492 2890 non
502 2838 573 2890 sunt
583 2829 655 2903 ista,
672 2845 752 2905 quae
764 2830 884 2903 possint
895 2828 969 2888 deo-

73 2909 104 2971 in
127 2926 162 2971 se
175 2915 292 2973 voltum
307 2919 504 2986 convertere,
525 2912 653 2986 puerilia
674 2920 704 2972 et
720 2913 870 2972 humanae
885 2911 968 2970 oble·
1032 2965 1034 2969 ,

56 3001 138 3055 tenta
150 2995 298 3056 levitatis=
320 3011 394 3056 ecce
405 2996 615 3070 spectaculum
630 2997 755 3071 dignum
769 2995 809 3054 ad
824 2993 908 3069 quod
922 3009 968 3053 re·
983 3001 1001 3054 9

55 3079 96 3137 iat
109 3079 243 3139 intentus
260 3080 346 3154 operi
359 3096 419 3140 suo
433 3072 525 3153 deus‘,
550 3092 624 3140 ecoe
635 3095 692 3153 par
702 3079 762 3138 deo
774 3077 908 3159 dignum,
922 3076 970 3136 vir

57 3178 72 3222 s
88 3177 157 3222 oum
171 3163 293 3223 lortuna
306 3163 387 3223 mala
401 3163 593 3236 conpositus,
612 3163 718 3237 utique
732 3161 759 3220 si
774 3167 805 3220 et
818 3175 969 3235 provoca·

1006 2129 1027 2171 es

60 3244 127 3305 Non
144 3245 249 3319 video,
264 3244 404 3320 inquam,
420 3245 494 3320 quid
508 3244 619 3317 habeat
631 3245 661 3305 in
677 3243 764 3305 terris
778 3242 892 3319 Iupiter
902 3240 968 3316 pul-

56 3344 104 3402 us,
127 3328 154 3388 si
174 3335 354 3390 convertere
368 3328 501 3388 animum
514 3327 608 3399 velit,
625 3342 718 3409 quam
734 3333 769 3387 ut
781 3340 838 3385 sno
878 3324 922 3385 stt

56 3428 89 3471 rn
104 3411 165 3472 iam
176 3412 314 3486 partibus
329 3426 392 3471 non
407 3411 501 3471 semel
513 3408 617 3471 lracds
629 3413 714 3469 stant
970 3424 972 3429 ’
