2378 3856
116 214 159 278 22
213 214 316 277 blan.
334 215 371 274 u.
392 215 446 276 ΑΙ)
461 211 645 274 SERENUM
657 211 731 271 NEC
746 210 929 272 initiatam
942 210 1026 273 NEC

119 377 181 444 tur,
197 385 257 431 non
273 365 428 427 iudicabat
446 378 518 434 sua,
539 362 596 422 sed
611 361 782 422 adventicia
795 369 826 422 et
839 370 945 422 nutum
962 363 1075 427 ioman

119 451 288 529 sequentia.
315 448 387 510 ideo
402 452 436 508 ul
455 462 517 507 non
540 444 666 520 propria
679 445 837 506 dilexerat
866 442 1013 508 Omnium
1028 451 1076 510 eui

119 536 311 596 extrinsecus
328 530 528 593 adfluentium
542 529 657 590 lubrica
672 537 702 589 et
715 529 831 590 incerta
844 531 1015 605 possessio
1031 542 1076 594 est

94 627 107 678 1
179 618 231 676 Vl.
254 616 358 691 Cogita
378 631 474 687 nunc,
496 630 535 674 an
555 613 626 673 huic
645 615 692 673 lur
711 620 762 673 aut
777 614 980 677 calumniator
995 625 1076 680 auti

119 703 207 762 cinus
227 702 371 778 inpotens
385 707 439 760 aut
452 698 539 758 dives
555 698 666 773 aliquis
681 713 809 772 regnum
824 697 919 759 orbae
933 709 1076 763 senecta

119 802 268 847 exercens
289 787 391 846 lacere
411 781 552 844 iniuriam
572 782 689 857 possit,
708 780 758 842 oui
778 781 890 843 bellum
912 789 944 843 et
958 783 1068 846 hostis

118 872 169 932 ille
183 869 336 947 ogregiam
356 875 451 928 anem
468 867 713 942 quassandarum
727 864 847 927 urbium
863 869 1034 942 protessus
1051 887 1076 931 er

90 964 195 1030 apere
207 954 280 1014 nihil
293 951 400 1028 potuit.
427 951 507 1012 inter
522 951 669 1011 micantes
684 950 799 1025 ubique
813 951 934 1026 gladios
950 959 983 1012 et
997 954 1076 1016 milit

117 1054 182 1098 rem
196 1038 226 1097 in
241 1035 350 1112 rapina
363 1036 531 1108 tumultum,
547 1035 625 1094 inter
639 1034 777 1094 dammas
789 1043 820 1096 et
831 1033 1017 1109 sanguinem
1031 1046 1076 1099 slr

117 1137 249 1197 gemque
263 1121 415 1194 impulsae
429 1119 571 1191 civitatis,
593 1119 672 1180 inter
687 1121 837 1193 fragorem
852 1120 1043 1195 templorum
1057 1139 1075 1184 s

118 1221 173 1281 per
193 1205 271 1265 deos
292 1204 464 1264 cadentium
482 1203 535 1263 uni
549 1202 664 1263 homini
679 1220 741 1278 pax
757 1203 826 1264 luit=
848 1212 974 1264 nonest
989 1206 1076 1282 itaqu

118 1291 202 1366 quod
217 1289 320 1351 audax
333 1287 451 1348 iudices
467 1287 667 1362 promissum,
683 1287 771 1348 cuius
787 1287 854 1361 tibi,
869 1287 1022 1362 siparum
1035 1291 1076 1351 fid

118 1375 233 1448 liabeo,
248 1387 430 1448 sponsorem
444 1372 534 1432 dabo.
555 1372 606 1430 vix
618 1371 698 1431 enim
709 1372 811 1432 credis
822 1379 936 1432 tantum
951 1373 1076 1436 tirmitat

118 1459 148 1518 in
164 1458 318 1518 hominem
340 1463 393 1515 aut
406 1462 518 1515 mnam
533 1456 626 1514 animi
640 1455 876 1530 magnitudinem
893 1455 1020 1516 cadere.
1050 1476 1076 1520 st

88 1542 144 1601 ssi
158 1541 261 1616 prodit
273 1540 303 1599 in
320 1540 452 1599 medium
469 1540 520 1613 qui
536 1540 631 1599 dicat:
646 1555 728 1612 „non
744 1547 792 1599 est
807 1541 891 1615 quod
906 1541 1053 1617 dubites,
1068 1561 1076 1602 r

117 1623 265 1685 adtollere
288 1639 323 1683 se
343 1622 435 1683 bomo
456 1630 546 1683 natus
562 1639 657 1698 supra
672 1622 805 1683 bumana
819 1623 933 1699 possit,
957 1641 998 1685 an
1016 1627 1076 1688 dol

116 1725 185 1782 res,
200 1709 327 1782 damna,
342 1707 559 1780 ulcerationes,
574 1709 715 1778 volnera,
737 1723 866 1782 magnos
882 1716 984 1770 motus
1000 1726 1076 1772 reru

118 1794 200 1853 circa
214 1808 249 1852 se
264 1792 452 1851 trementium
469 1807 597 1851 securus
613 1792 764 1866 adspiciat
784 1800 814 1852 et
828 1792 905 1853 dura
919 1792 1076 1866 plaoidel

116 1884 164 1935 rat
179 1881 210 1935 et
223 1874 360 1936 secunda
374 1874 548 1948 moderate,
570 1891 628 1935 nec
647 1875 707 1935 illis
726 1876 841 1937 cedens
857 1892 913 1936 nec
927 1875 977 1936 his
993 1879 1076 1940 fretu

117 1974 196 2019 unus
214 1959 358 2033 idemque
378 1959 456 2018 inter
477 1959 600 2018 diversa
620 1960 660 2019 sit
675 1975 732 2018 nec
753 1960 918 2037 quicquam
934 1977 1029 2023 suum
1048 1963 1076 2023 ni

84 2043 152 2102 nse
173 2049 259 2117 putet
279 2057 366 2112 esse,
391 2044 425 2102 id
445 2058 571 2117 quoque
592 2058 629 2102 ea
648 2051 750 2117 parte,
773 2063 834 2119 qua
849 2043 958 2105 melior
977 2055 1045 2108 est=
1067 2064 1076 2107 r

116 2127 225 2186 adsum
239 2124 298 2186 boc
314 2123 402 2186 vobis
417 2127 616 2201 probaturus,
638 2127 696 2187 sub
710 2127 769 2188 isto
785 2136 829 2189 tot
842 2129 996 2189 civitatum
1014 2146 1076 2191 eva

116 2224 187 2269 sore
201 2209 387 2269 nranimento
400 2211 528 2271 incussu
543 2211 645 2270 arietis
659 2211 795 2271 labefieri
810 2220 841 2273 et
858 2213 984 2275 turrium
999 2215 1076 2276 altitt

116 2293 218 2353 dinem
239 2295 387 2354 cuniculis
408 2309 445 2354 ao
466 2293 628 2355 latentibus
649 2296 743 2354 lossis
764 2305 890 2371 repente
910 2297 1076 2358 desidere<

115 2385 315 2453 aequaturum
332 2378 517 2439 editissimas
532 2394 620 2438 arces
636 2395 778 2454 aggerem
793 2396 949 2454 crescere,
972 2388 1003 2440 at
1019 2385 1072 2443 nul

116 2460 359 2520 machinamenta
380 2477 475 2534 posse
497 2463 640 2536 reperiri,
661 2479 741 2537 quae
761 2465 839 2525 bene
861 2465 1021 2525 fundatum
1039 2482 1076 2527 an

87 2549 195 2604 ornum
212 2545 334 2618 agitent.
366 2544 476 2618 Erepsi
497 2546 589 2605 modo
605 2561 623 2605 e
637 2546 732 2619 ruinis
753 2548 879 2622 domus,
901 2555 932 2607 et
945 2547 1074 2610 incendi

114 2627 252 2703 undique
272 2626 480 2687 relucentibus
495 2626 635 2689 llammas
651 2645 706 2706 per
721 2633 901 2707 sanguinem
917 2631 991 2705 lugi.
1018 2635 1076 2696 fila

113 2727 199 2772 meas
222 2712 291 2786 quis
308 2725 400 2770 casus
415 2709 541 2784 babeat,
563 2728 601 2771 an
623 2715 710 2789 peior
726 2716 848 2790 publico
864 2716 981 2776 nescio.
1011 2721 1076 2780 solt

114 2802 145 2857 et
158 2796 262 2856 senior
274 2803 303 2855 ct
315 2793 437 2854 hostilia
448 2793 529 2855 circa
540 2812 589 2856 me
601 2799 702 2858 omnia
715 2800 823 2859 videns
834 2807 934 2860 tanim
946 2800 1076 2876 integrm

113 2878 357 2951 incolumemque
372 2893 443 2938 esse
456 2894 582 2941 censum
596 2898 697 2943 meum
712 2883 872 2958 profiteor:
883 2891 984 2960 teneo,
997 2885 1076 2948 habe

85 2975 102 3027 6
114 2960 259 3035 quicquid
272 2961 330 3019 mei
343 2960 444 3021 habui.
467 2962 532 3024 Non
545 2965 687 3041 estquod
702 2982 751 3027 me
764 2968 874 3027 vietum
887 2967 1076 3047 victoremqr

112 3052 143 3103 te
154 3043 278 3103 credas=
293 3043 366 3104 vicit
376 3045 497 3107 fortuna
510 3056 562 3108 tua
576 3049 728 3110 fortunam
740 3067 847 3111 meam.
870 3052 989 3115 caduca
1002 3055 1059 3115 illa
1073 3077 1076 3108 ι

114 3124 270 3187 dominum
291 3129 437 3213 mutantia
456 3132 507 3191 ubi
529 3133 591 3191 sint
611 3133 732 3193 nescio:
762 3135 845 3209 quod
873 3136 912 3195 ad
938 3153 990 3198 res
1012 3155 1076 3200 mea

84 3209 258 3282 7pertinot‚
273 3225 392 3273 ntorum
409 3221 494 3288 sunt,
509 3226 629 3275 mecum
643 3224 740 3277 erunt.
769 3217 972 3281 Perdiderunt
985 3223 1038 3283 isti
1055 3225 1075 3285 d

114 3292 190 3352 vites
207 3292 403 3370 patrimonia,
424 3297 578 3359 libidinosi
597 3314 717 3359 amores
733 3318 807 3362 suos
823 3308 978 3378 almagno
994 3309 1076 3380 pud<

111 3373 154 3436 ris
175 3376 321 3453 inpondlo
340 3380 451 3440 dilecta
466 3387 585 3455 scorta,
606 3383 758 3445 ambitiosi
774 3383 889 3446 curiam
905 3394 935 3448 et
950 3388 1076 3452 lorum«

112 3460 179 3519 tooa
191 3463 373 3524 exercendis
385 3463 414 3522 in
428 3464 810 3538 publicavitiis·desanara.
827 3471 1017 3536 feneratores
1026 3492 1076 3554 pel

929 3702 944 3717 a'
954 3696 985 3807 qi
1001 3692 1025 3709 r„
1046 3677 1076 3807 Ι
