2378 3856
152 185 206 244 AD
218 181 416 244 POLYBIUM
428 182 478 242 DE
491 169 793 268 consolationis.
805 189 891 244 7-9.
905 188 972 255 [ii]
1001 178 1063 243 225

85 335 230 399 omnibus
254 327 350 393 atde
370 333 429 392 illis
449 332 599 405 meruisti,
628 348 705 407 quos
728 333 867 408 pluribus
885 340 977 395 notos
992 348 1064 394 esse

84 418 211 481 voluisti
233 432 325 492 quam
340 415 542 491 scripserant,
565 418 691 477 multum
705 423 806 477 tecum
821 423 985 478 morentur.
1017 423 1064 477 ιιι·

86 513 149 565 tum
165 501 196 563 id
212 502 375 562 exitomne
386 506 515 575 tempus,
531 500 616 576 quod
628 499 690 560 illis
702 500 850 562 tuendum
864 500 1064 562 commiseris.

85 598 159 651 tunc
175 584 315 647 Caesaris
334 583 377 645 tui
399 599 510 658 opera,
531 593 566 645 ut
579 598 636 659 pcr
656 584 758 644 omnia
771 586 878 644 secula
892 582 1064 646 domestico

86 676 248 732 narremur
263 667 444 742 praeconio,
461 674 607 743 quantun
622 675 723 742 potes,
737 682 889 742 conpone.
909 685 981 728 uam
994 668 1064 744 ipse

86 754 141 815 tibi
157 750 272 828 optime
287 751 438 813 formandi
452 749 670 826 condendique
683 766 733 811 res
748 759 853 825 gestas
865 758 896 811 et
906 751 1063 812 materiam

88 837 173 900 dabit
188 843 219 896 et
232 836 414 913 exemplum.
445 840 513 906 [aa]
532 834 601 895 Non
614 835 715 896 audeo
730 843 762 895 tc
777 850 880 911 usque
896 851 933 895 eo
951 834 1093 909 produ-s

88 937 170 994 cere,
185 927 219 980 ut
232 919 360 981 tabellas
377 933 501 993 quoque
515 925 547 978 et
558 923 724 994 Aesopeos
739 921 839 993 logos,
854 919 1065 993 intemptatum

87 1004 235 1066 Romanis
256 1001 389 1076 ingeniis
412 1017 507 1077 opus,
530 1003 619 1063 solita
640 1002 693 1063 tibi
712 1009 872 1064 venustate
888 1009 1064 1063 connectas.

88 1087 215 1151 difficile
235 1092 284 1148 est
303 1085 442 1160 quidem,
464 1092 497 1147 ut
517 1086 557 1146 ad
571 1087 649 1146 haec
662 1085 806 1146 hilariora
822 1085 923 1147 studia
936 1093 997 1146 tarn
1012 1101 1064 1144 ve-

87 1173 247 1232 hementer
258 1169 422 1244 perculsus
435 1169 553 1231 animus
568 1177 629 1230 tam
645 1169 704 1230 cito
716 1169 818 1244 possit
829 1169 993 1229 accedere:
1005 1169 1066 1229 hoc

88 1264 193 1317 tamm
209 1260 418 1329 argumentum
441 1253 555 1313 habeto
573 1252 632 1312 iarn
655 1252 850 1313 conroborati
871 1253 938 1312 eius
954 1259 984 1312 et
996 1253 1064 1312 red—

89 1338 145 1400 diti
169 1333 250 1408 sibi‚'
265 1337 292 1396 si
312 1336 424 1411 poterit
443 1353 461 1397 a
477 1336 684 1397 severioribus
699 1334 822 1411 scriptis
837 1335 967 1395 adhaec
982 1336 1065 1396 solu·

88 1424 169 1485 tiora
188 1421 368 1495 procedere.
401 1421 430 1479 in
451 1419 510 1480 illis
532 1420 611 1480 enirn
634 1419 773 1494 quamvis
789 1435 914 1495 aegrum
930 1434 999 1478 eum
1014 1419 1096 1481 adt

88 1507 152 1567 huc
182 1512 331 1565 etsecum
361 1504 560 1565 reluctantem
586 1500 729 1566 avocabit
751 1504 821 1578 ipsa
845 1518 962 1576 rerum,
988 1518 1066 1578 quas

89 1588 245 1661 tractabit,
268 1586 445 1648 austeritas:
467 1588 544 1648 hacc
562 1603 641 1663 quae
655 1587 786 1648 remissa
800 1589 899 1649 ironte
914 1602 1066 1647 commen—

89 1673 186 1734 tanda
207 1679 292 1746 sunt,
312 1688 375 1733 non
397 1673 487 1745 ieret,
507 1670 567 1731 nisi
588 1688 656 1732 cum
678 1671 738 1731 iam
755 1672 814 1733 sibi
829 1672 867 1732 ab
883 1671 964 1731 omni
980 1676 1068 1746 parte

91 1756 270 1819 constiterit.
291 1754 395 1831 itaque
409 1755 537 1816 debebis
548 1772 619 1816 eum
631 1755 788 1818 severiore
799 1755 926 1817 materia
937 1754 1068 1830 primunr

91 1854 253 1910 exercere,
278 1839 389 1899 deinde
403 1839 546 1900 hilariore
560 1848 740 1917 temperare.

155 1922 206 1980 IX.
227 1923 324 1982 illud
342 1939 496 1998 quoque
510 1941 644 1999 magno
660 1925 729 1985 tibi
745 1922 820 1985 erit
835 1925 1096 1996 levamento‚1

92 2006 127 2068 si
161 2021 282 2081 saepe
310 2012 347 2065 te
380 2007 472 2084 [sic]
501 2010 828 2084 interrogaverim
862 2007 1068 2080 „Utrumne

92 2106 176 2151 mco
205 2090 358 2151 nomine
386 2093 501 2152 doleo
533 2109 575 2151 an
604 2092 688 2153 eius
716 2091 784 2172 ‚qui
810 2090 1011 2152 decessitt
1042 2087 1069 2147 si

93 2189 178 2247 meo,
206 2172 284 2249 perit
303 2175 411 2252 [meae]
432 2175 637 2250 indulgentiae
657 2174 778 2235 iactatio
800 2184 831 2235 et
852 2171 959 2248 incipit
980 2173 1069 2233 dolor

92 2259 155 2320 hoc
168 2275 229 2319 uno
244 2264 425 2333 excusatus,
442 2259 526 2334 quod
539 2259 687 2320 honestus
702 2267 764 2333 est,
779 2273 849 2318 curn
860 2258 899 2316 ad
912 2253 1069 2318 utilitatem

94 2340 254 2418 respiciat,
276 2359 295 2402 a
315 2343 428 2418 pietate
445 2343 630 2403 desciscere.
663 2342 735 2402 nihil
753 2349 853 2403 autem
870 2341 970 2402 minus
986 2341 1069 2402 bono

93 2427 163 2487 viro
183 2426 325 2488 convenit
346 2441 436 2502 quam
456 2428 486 2486 in
507 2425 608 2487 fratris
623 2428 706 2487 luctu
722 2427 857 2487 calculos
874 2441 999 2500 ponere·
1035 2424 1097 2488 Sia

95 2507 177 2570 iilius
191 2509 314 2570 nomine
326 2511 431 2585 doleo,
448 2526 579 2571 neccsse
591 2516 638 2570 est
649 2513 822 2572 alterutrum
835 2525 873 2570 ex
885 2509 933 2570 his
946 2511 1067 2571 duobus

95 2609 168 2654 esse
189 2592 335 2660 iudicem:
362 2596 477 2656 namsi
499 2596 600 2656 nullus
621 2595 771 2657 defunctis
789 2611 900 2656 sensus
917 2603 1068 2671 superest

96 2674 196 2737 evasit
212 2679 314 2737 omnia
328 2679 421 2739 irater
440 2696 527 2739 meus
541 2680 622 2740 vitae
638 2678 833 2742 incommoda
847 2688 877 2739 et
891 2679 922 2740 iu
938 2696 1007 2740 eum
1020 2696 1067 2740 re·

96 2762 219 2823 stitutus
243 2767 291 2819 est
313 2763 430 2836 locum,
456 2765 488 2822 in
510 2779 571 2838 quo
592 2764 691 2825 iuerat
704 2773 865 2840 antequam
882 2764 1069 2836 nasceretur,

96 2852 127 2906 et
138 2858 252 2917 expers
266 2845 446 2905 omnismodi
459 2846 642 2918 nihiltimet‚
659 2849 732 2907 nihil
745 2849 842 2921 cupit,
858 2847 931 2904 nihil
943 2848 1068 2919 patitur:

97 2928 169 3004 quis
188 2926 249 2986 istc
262 2926 350 2989 iuror
364 2936 411 2988 est
426 2944 484 3002 pro
500 2944 539 2989 ao
553 2943 603 2987 me
617 2945 782 3006 numquam
798 2930 903 2989 dolere
918 2930 1068 3003 desinere,

98 3010 558 3088 quinamquamdoliturusesti
573 3009 605 3071 Si
615 3019 663 3074 est
669 3013 779 3089 uliquis
787 3013 939 3074 defunctis
948 3027 1099 3089 sensus‚s

96 3111 182 3158 nune
194 3093 316 3157 animus
330 3093 431 3157 iratris
442 3092 505 3155 snei
515 3095 598 3157 velut
607 3111 646 3156 ex
660 3097 778 3159 diutino
858 3111 914 3157 rere
927 3098 1069 3173 emissus,
1153 3151 1155 3155 .

96 3178 221 3247 madeat
241 3177 289 3241 sui
308 3177 571 3250 runcandus,
678 3189 685 3243 t
802 3201 841 3244 rm
858 3190 982 3244 naturae
1000 3200 1070 3260 spe·

97 3262 385 3351 emulantuth
842 3267 1070 3342 tlocodespicit,

208 3371 239 3416 „31⁴
295 3381 317 3399 10-
336 3348 354 3359 ’“
388 3350 409 3359 ”
450 3355 452 3362 ’
894 3353 1072 3424 nuaesierat

106 3452 181 3480 ·
206 3412 260 3456 ’Ἠ
954 3451 1004 3513 ur,
1021 3437 1074 3513 qui
