<?xml version="1.0" encoding="UTF-8"?>
<!DOCTYPE html PUBLIC "-//W3C//DTD XHTML 1.0 Transitional//EN"
    "http://www.w3.org/TR/xhtml1/DTD/xhtml1-transitional.dtd">
<html xmlns="http://www.w3.org/1999/xhtml" xml:lang="en" lang="en">
 <head>
  <title>
</title>
<meta http-equiv="Content-Type" content="text/html;charset=utf-8" />
  <meta name='ocr-system' content='tesseract 3.04.00' />
  <meta name='ocr-capabilities' content='ocr_page ocr_carea ocr_par ocr_line ocrx_word'/>
</head>
<body>
  <div class='ocr_page' id='page_1' title='image "./lannaeisenecaeo03senegoog_0059.png"; bbox 0 0 2378 3856; ppageno 0'>
   <div class='ocr_carea' id='block_1_1' title="bbox 163 209 852 271">
    <p class='ocr_par' dir='ltr' id='par_1_1' title="bbox 163 209 852 271">
     <span class='ocr_line' id='line_1_1' title="bbox 163 209 852 271; baseline 0 0"><span class='ocrx_word' id='word_1_1' title='bbox 163 209 206 271; x_wconf 73' lang='lat' dir='ltr'><strong>ta</strong></span> <span class='ocrx_word' id='word_1_2' title='bbox 453 209 486 268; x_wconf 82' lang='lat' dir='ltr'><strong>t.</strong></span> <span class='ocrx_word' id='word_1_3' title='bbox 509 209 654 269; x_wconf 85' lang='lat' dir='ltr'><strong>ANNAEl</strong></span> <span class='ocrx_word' id='word_1_4' title='bbox 677 209 852 271; x_wconf 77' lang='lat' dir='ltr'>SENECAE</span> 
     </span>
    </p>
   </div>
   <div class='ocr_carea' id='block_1_2' title="bbox 135 358 1148 3263">
    <p class='ocr_par' dir='ltr' id='par_1_2' title="bbox 135 358 1146 756">
     <span class='ocr_line' id='line_1_2' title="bbox 135 358 1146 437; baseline -0.003 -12"><span class='ocrx_word' id='word_1_5' title='bbox 135 363 308 436; x_wconf 82' lang='lat' dir='ltr'><strong>thaberet,</strong></span> <span class='ocrx_word' id='word_1_6' title='bbox 322 362 533 422; x_wconf 89' lang='lat' dir='ltr'><strong>advocabatis.</strong></span> <span class='ocrx_word' id='word_1_7' title='bbox 564 361 704 437; x_wconf 86' lang='lat' dir='ltr'><strong>Denique</strong></span> <span class='ocrx_word' id='word_1_8' title='bbox 727 362 896 436; x_wconf 77' lang='lat' dir='ltr'><strong>interrogo,</strong></span> <span class='ocrx_word' id='word_1_9' title='bbox 921 358 1073 422; x_wconf 85' lang='lat' dir='ltr'><strong>valentior</strong></span> <span class='ocrx_word' id='word_1_10' title='bbox 1098 369 1146 422; x_wconf 83' lang='lat' dir='ltr'><strong>est</strong></span> 
     </span>
     <span class='ocr_line' id='line_1_3' title="bbox 164 443 1146 523; baseline -0.001 -16"><span class='ocrx_word' id='word_1_11' title='bbox 164 463 255 523; x_wconf 90' lang='lat' dir='ltr'><strong>quam</strong></span> <span class='ocrx_word' id='word_1_12' title='bbox 269 443 346 506; x_wconf 90' lang='lat' dir='ltr'><strong>ratio</strong></span> <span class='ocrx_word' id='word_1_13' title='bbox 362 461 401 504; x_wconf 88' lang='lat' dir='ltr'><strong>au</strong></span> <span class='ocrx_word' id='word_1_14' title='bbox 416 445 583 506; x_wconf 74' lang='lat' dir='ltr'><strong>infirmiori</strong></span> <span class='ocrx_word' id='word_1_15' title='bbox 618 444 651 505; x_wconf 90' lang='lat' dir='ltr'><strong>Si</strong></span> <span class='ocrx_word' id='word_1_16' title='bbox 664 446 828 517; x_wconf 88' lang='lat' dir='ltr'><strong>valentior,</strong></span> <span class='ocrx_word' id='word_1_17' title='bbox 850 443 1007 520; x_wconf 89' lang='lat' dir='ltr'><strong>quomodo</strong></span> <span class='ocrx_word' id='word_1_18' title='bbox 1021 444 1064 504; x_wconf 92' lang='lat' dir='ltr'><strong>illi</strong></span> <span class='ocrx_word' id='word_1_19' title='bbox 1079 460 1146 506; x_wconf 75' lang='lat' dir='ltr'><strong>mo</strong></span> 
     </span>
     <span class='ocr_line' id='line_1_4' title="bbox 164 527 1145 604; baseline -0.002 -14"><span class='ocrx_word' id='word_1_20' title='bbox 164 532 236 590; x_wconf 92' lang='lat' dir='ltr'><strong>dum</strong></span> <span class='ocrx_word' id='word_1_21' title='bbox 249 530 327 588; x_wconf 89' lang='lat' dir='ltr'><strong>ratio</strong></span> <span class='ocrx_word' id='word_1_22' title='bbox 342 528 453 603; x_wconf 89' lang='lat' dir='ltr'><strong>poterit</strong></span> <span class='ocrx_word' id='word_1_23' title='bbox 467 528 630 603; x_wconf 80' lang='lat' dir='ltr'><strong>inponere,</strong></span> <span class='ocrx_word' id='word_1_24' title='bbox 655 543 724 588; x_wconf 91' lang='lat' dir='ltr'><strong>cum</strong></span> <span class='ocrx_word' id='word_1_25' title='bbox 748 543 856 604; x_wconf 90' lang='lat' dir='ltr'><strong>parere</strong></span> <span class='ocrx_word' id='word_1_26' title='bbox 876 527 937 588; x_wconf 89' lang='lat' dir='ltr'><strong>nisi</strong></span> <span class='ocrx_word' id='word_1_27' title='bbox 952 527 1145 589; x_wconf 72' lang='lat' dir='ltr'><strong>inbecilliora</strong></span> 
     </span>
     <span class='ocr_line' id='line_1_5' title="bbox 163 609 1146 686; baseline 0 -15"><span class='ocrx_word' id='word_1_28' title='bbox 163 629 225 672; x_wconf 88' lang='lat' dir='ltr'><strong>non</strong></span> <span class='ocrx_word' id='word_1_29' title='bbox 240 612 381 671; x_wconf 86' lang='lat' dir='ltr'><strong>soleantt</strong></span> <span class='ocrx_word' id='word_1_30' title='bbox 415 612 442 672; x_wconf 89' lang='lat' dir='ltr'><strong>si</strong></span> <span class='ocrx_word' id='word_1_31' title='bbox 463 612 610 672; x_wconf 84' lang='lat' dir='ltr'><strong>infirmior</strong></span> <span class='ocrx_word' id='word_1_32' title='bbox 623 619 684 681; x_wconf 95' lang='grc' dir='ltr'><strong>εει,</strong></span> <span class='ocrx_word' id='word_1_33' title='bbox 708 612 775 671; x_wconf 86' lang='lat' dir='ltr'><strong>sine</strong></span> <span class='ocrx_word' id='word_1_34' title='bbox 795 611 853 670; x_wconf 84' lang='lat' dir='ltr'><strong>lrac</strong></span> <span class='ocrx_word' id='word_1_35' title='bbox 868 625 924 686; x_wconf 86' lang='lat' dir='ltr'><strong>per</strong></span> <span class='ocrx_word' id='word_1_36' title='bbox 938 624 974 670; x_wconf 88' lang='lat' dir='ltr'><strong>se</strong></span> <span class='ocrx_word' id='word_1_37' title='bbox 987 609 1027 670; x_wconf 90' lang='lat' dir='ltr'><strong>ad</strong></span> <span class='ocrx_word' id='word_1_38' title='bbox 1041 626 1146 671; x_wconf 86' lang='lat' dir='ltr'><strong>rerum</strong></span> 
     </span>
     <span class='ocr_line' id='line_1_6' title="bbox 163 693 1145 756; baseline 0 -1"><span class='ocrx_word' id='word_1_39' title='bbox 163 695 293 756; x_wconf 88' lang='lat' dir='ltr'><strong>ellectus</strong></span> <span class='ocrx_word' id='word_1_40' title='bbox 309 695 423 756; x_wconf 90' lang='lat' dir='ltr'><strong>sullicit</strong></span> <span class='ocrx_word' id='word_1_41' title='bbox 436 695 513 756; x_wconf 86' lang='lat' dir='ltr'><strong>ratio</strong></span> <span class='ocrx_word' id='word_1_42' title='bbox 528 711 587 756; x_wconf 89' lang='lat' dir='ltr'><strong>nec</strong></span> <span class='ocrx_word' id='word_1_43' title='bbox 601 694 756 755; x_wconf 79' lang='lat' dir='ltr'><strong>desiderat</strong></span> <span class='ocrx_word' id='word_1_44' title='bbox 770 693 965 755; x_wconf 74' lang='lat' dir='ltr'><strong>inbecillioris</strong></span> <span class='ocrx_word' id='word_1_45' title='bbox 987 693 1145 755; x_wconf 86' lang='lat' dir='ltr'><strong>auxilium.</strong></span> 
     </span>
    </p>

    <p class='ocr_par' dir='ltr' id='par_1_3' title="bbox 135 776 1148 936">
     <span class='ocr_line' id='line_1_7' title="bbox 135 776 1148 855; baseline 0.002 -21"><span class='ocrx_word' id='word_1_46' title='bbox 135 780 224 853; x_wconf 84' lang='lat' dir='ltr'><strong>e„At</strong></span> <span class='ocrx_word' id='word_1_47' title='bbox 236 778 304 838; x_wconf 86' lang='lat' dir='ltr'><strong>irati</strong></span> <span class='ocrx_word' id='word_1_48' title='bbox 319 779 443 855; x_wconf 88' lang='lat' dir='ltr'><strong>quidam</strong></span> <span class='ocrx_word' id='word_1_49' title='bbox 458 787 599 840; x_wconf 83' lang='lat' dir='ltr'><strong>eonstant</strong></span> <span class='ocrx_word' id='word_1_50' title='bbox 613 778 671 838; x_wconf 91' lang='lat' dir='ltr'><strong>sibi</strong></span> <span class='ocrx_word' id='word_1_51' title='bbox 685 785 715 837; x_wconf 94' lang='lat' dir='ltr'><strong>et</strong></span> <span class='ocrx_word' id='word_1_52' title='bbox 729 793 764 838; x_wconf 91' lang='lat' dir='ltr'><strong>se</strong></span> <span class='ocrx_word' id='word_1_53' title='bbox 779 777 964 839; x_wconf 88' lang='lat' dir='ltr'><strong>continent.“</strong></span> <span class='ocrx_word' id='word_1_54' title='bbox 994 776 1148 850; x_wconf 79' lang='lat' dir='ltr'><strong>Quandot</strong></span> 
     </span>
     <span class='ocr_line' id='line_1_8' title="bbox 152 856 1144 936; baseline -0.001 -14"><span class='ocrx_word' id='word_1_55' title='bbox 152 856 233 922; x_wconf 75' lang='lat' dir='ltr'><strong>&#39;cunr</strong></span> <span class='ocrx_word' id='word_1_56' title='bbox 247 863 307 922; x_wconf 87' lang='lat' dir='ltr'><strong>ium</strong></span> <span class='ocrx_word' id='word_1_57' title='bbox 321 863 366 922; x_wconf 87' lang='lat' dir='ltr'><strong>ira</strong></span> <span class='ocrx_word' id='word_1_58' title='bbox 384 862 543 922; x_wconf 84' lang='lat' dir='ltr'><strong>evanescit</strong></span> <span class='ocrx_word' id='word_1_59' title='bbox 556 869 587 922; x_wconf 89' lang='lat' dir='ltr'><strong>et</strong></span> <span class='ocrx_word' id='word_1_60' title='bbox 600 877 658 922; x_wconf 82' lang='lat' dir='ltr'><strong>sua</strong></span> <span class='ocrx_word' id='word_1_61' title='bbox 671 868 782 936; x_wconf 90' lang='lat' dir='ltr'><strong>sponte</strong></span> <span class='ocrx_word' id='word_1_62' title='bbox 798 860 936 933; x_wconf 87' lang='lat' dir='ltr'><strong>decedit,</strong></span> <span class='ocrx_word' id='word_1_63' title='bbox 951 875 1012 920; x_wconf 96' lang='lat' dir='ltr'><strong>non</strong></span> <span class='ocrx_word' id='word_1_64' title='bbox 1028 875 1101 920; x_wconf 88' lang='lat' dir='ltr'><strong>eum</strong></span> <span class='ocrx_word' id='word_1_65' title='bbox 1114 861 1144 921; x_wconf 88' lang='lat' dir='ltr'><strong>in</strong></span> 
     </span>
    </p>

    <p class='ocr_par' dir='ltr' id='par_1_4' title="bbox 136 942 1148 1438">
     <span class='ocr_line' id='line_1_9' title="bbox 136 942 1148 1021; baseline 0.002 -19"><span class='ocrx_word' id='word_1_66' title='bbox 136 947 234 1021; x_wconf 84' lang='lat' dir='ltr'><strong>tipso</strong></span> <span class='ocrx_word' id='word_1_67' title='bbox 256 946 379 1005; x_wconf 89' lang='lat' dir='ltr'><strong>lervore</strong></span> <span class='ocrx_word' id='word_1_68' title='bbox 400 952 457 1004; x_wconf 90' lang='grc' dir='ltr'><strong>εει.</strong></span> <span class='ocrx_word' id='word_1_69' title='bbox 494 954 567 1006; x_wconf 90' lang='lat' dir='ltr'><strong>tunc</strong></span> <span class='ocrx_word' id='word_1_70' title='bbox 585 945 665 1004; x_wconf 88' lang='lat' dir='ltr'><strong>enim</strong></span> <span class='ocrx_word' id='word_1_71' title='bbox 685 943 839 1018; x_wconf 89' lang='lat' dir='ltr'><strong>potentior</strong></span> <span class='ocrx_word' id='word_1_72' title='bbox 859 951 915 1004; x_wconf 85' lang='lat' dir='ltr'><strong>est</strong></span> <span class='ocrx_word' id='word_1_73' title='bbox 948 942 1026 1016; x_wconf 77' lang='lat' dir='ltr'><strong>Quid</strong></span> <span class='ocrx_word' id='word_1_74' title='bbox 1048 952 1148 1019; x_wconf 70' lang='lat' dir='ltr'><strong>ergot</strong></span> 
     </span>
     <span class='ocr_line' id='line_1_10' title="bbox 163 1026 1147 1104; baseline 0.001 -17"><span class='ocrx_word' id='word_1_75' title='bbox 163 1045 225 1087; x_wconf 91' lang='lat' dir='ltr'><strong>non</strong></span> <span class='ocrx_word' id='word_1_76' title='bbox 240 1027 406 1102; x_wconf 86' lang='lat' dir='ltr'><strong>aliquando</strong></span> <span class='ocrx_word' id='word_1_77' title='bbox 420 1028 452 1087; x_wconf 88' lang='lat' dir='ltr'><strong>in</strong></span> <span class='ocrx_word' id='word_1_78' title='bbox 465 1029 510 1087; x_wconf 86' lang='lat' dir='ltr'><strong>ira</strong></span> <span class='ocrx_word' id='word_1_79' title='bbox 525 1044 651 1104; x_wconf 90' lang='lat' dir='ltr'><strong>quoque</strong></span> <span class='ocrx_word' id='word_1_80' title='bbox 671 1035 702 1087; x_wconf 89' lang='lat' dir='ltr'><strong>et</strong></span> <span class='ocrx_word' id='word_1_81' title='bbox 715 1027 865 1088; x_wconf 90' lang='lat' dir='ltr'><strong>dimittunt</strong></span> <span class='ocrx_word' id='word_1_82' title='bbox 884 1026 1045 1087; x_wconf 88' lang='lat' dir='ltr'><strong>incolumis</strong></span> <span class='ocrx_word' id='word_1_83' title='bbox 1068 1029 1147 1088; x_wconf 79' lang='lat' dir='ltr'><strong>inte-</strong></span> 
     </span>
     <span class='ocr_line' id='line_1_11' title="bbox 164 1111 1146 1186; baseline 0.002 -15"><span class='ocrx_word' id='word_1_84' title='bbox 164 1120 294 1186; x_wconf 89' lang='lat' dir='ltr'><strong>ctosque</strong></span> <span class='ocrx_word' id='word_1_85' title='bbox 309 1127 389 1186; x_wconf 90' lang='lat' dir='ltr'><strong>quos</strong></span> <span class='ocrx_word' id='word_1_86' title='bbox 404 1111 545 1182; x_wconf 88' lang='lat' dir='ltr'><strong>oderunt,</strong></span> <span class='ocrx_word' id='word_1_87' title='bbox 568 1119 598 1171; x_wconf 89' lang='lat' dir='ltr'><strong>et</strong></span> <span class='ocrx_word' id='word_1_88' title='bbox 617 1127 636 1171; x_wconf 89' lang='lat' dir='ltr'><strong>a</strong></span> <span class='ocrx_word' id='word_1_89' title='bbox 655 1111 797 1171; x_wconf 88' lang='lat' dir='ltr'><strong>nocendo</strong></span> <span class='ocrx_word' id='word_1_90' title='bbox 817 1111 990 1171; x_wconf 76' lang='lat' dir='ltr'><strong>abstinenti</strong></span> <span class='ocrx_word' id='word_1_91' title='bbox 1019 1111 1146 1173; x_wconf 84' lang='lat' dir='ltr'><strong>iaciunt</strong></span> 
     </span>
     <span class='ocr_line' id='line_1_12' title="bbox 165 1193 1146 1270; baseline 0 -15"><span class='ocrx_word' id='word_1_92' title='bbox 165 1195 312 1270; x_wconf 83' lang='lat' dir='ltr'><strong>quandot</strong></span> <span class='ocrx_word' id='word_1_93' title='bbox 335 1210 404 1256; x_wconf 88' lang='lat' dir='ltr'><strong>cum</strong></span> <span class='ocrx_word' id='word_1_94' title='bbox 419 1195 558 1254; x_wconf 81' lang='lat' dir='ltr'><strong>adlectus</strong></span> <span class='ocrx_word' id='word_1_95' title='bbox 577 1193 768 1270; x_wconf 87' lang='lat' dir='ltr'><strong>repercussit</strong></span> <span class='ocrx_word' id='word_1_96' title='bbox 787 1195 939 1254; x_wconf 89' lang='lat' dir='ltr'><strong>adlectum</strong></span> <span class='ocrx_word' id='word_1_97' title='bbox 960 1200 991 1253; x_wconf 89' lang='grc' dir='ltr'><strong>ει</strong></span> <span class='ocrx_word' id='word_1_98' title='bbox 1010 1201 1064 1254; x_wconf 78' lang='lat' dir='ltr'><strong>aut</strong></span> <span class='ocrx_word' id='word_1_99' title='bbox 1082 1211 1146 1255; x_wconf 81' lang='lat' dir='ltr'><strong>me</strong></span> 
     </span>
     <span class='ocr_line' id='line_1_13' title="bbox 164 1277 1146 1355; baseline 0.001 -17"><span class='ocrx_word' id='word_1_100' title='bbox 164 1287 214 1340; x_wconf 90' lang='lat' dir='ltr'><strong>tus</strong></span> <span class='ocrx_word' id='word_1_101' title='bbox 229 1286 281 1339; x_wconf 91' lang='lat' dir='ltr'><strong>aut</strong></span> <span class='ocrx_word' id='word_1_102' title='bbox 295 1279 447 1355; x_wconf 81' lang='lat' dir='ltr'><strong>cupiditas</strong></span> <span class='ocrx_word' id='word_1_103' title='bbox 468 1279 583 1355; x_wconf 87' lang='lat' dir='ltr'><strong>aliquid</strong></span> <span class='ocrx_word' id='word_1_104' title='bbox 597 1277 768 1353; x_wconf 88' lang='lat' dir='ltr'><strong>inpetravit.</strong></span> <span class='ocrx_word' id='word_1_105' title='bbox 789 1294 852 1338; x_wconf 92' lang='lat' dir='ltr'><strong>non</strong></span> <span class='ocrx_word' id='word_1_106' title='bbox 865 1277 992 1338; x_wconf 87' lang='lat' dir='ltr'><strong>rationis</strong></span> <span class='ocrx_word' id='word_1_107' title='bbox 1005 1284 1081 1338; x_wconf 86' lang='lat' dir='ltr'><strong>tuuc</strong></span> <span class='ocrx_word' id='word_1_108' title='bbox 1092 1279 1146 1339; x_wconf 79' lang='lat' dir='ltr'><strong>be</strong></span> 
     </span>
     <span class='ocr_line' id='line_1_14' title="bbox 165 1361 1031 1438; baseline -0.002 -17"><span class='ocrx_word' id='word_1_109' title='bbox 165 1361 275 1423; x_wconf 89' lang='lat' dir='ltr'><strong>nelicio</strong></span> <span class='ocrx_word' id='word_1_110' title='bbox 293 1362 415 1438; x_wconf 86' lang='lat' dir='ltr'><strong>quievit,</strong></span> <span class='ocrx_word' id='word_1_111' title='bbox 432 1362 488 1422; x_wconf 87' lang='lat' dir='ltr'><strong>sed</strong></span> <span class='ocrx_word' id='word_1_112' title='bbox 503 1363 675 1423; x_wconf 78' lang='lat' dir='ltr'><strong>adfectuum</strong></span> <span class='ocrx_word' id='word_1_113' title='bbox 689 1361 783 1421; x_wconf 83' lang='lat' dir='ltr'><strong>infida</strong></span> <span class='ocrx_word' id='word_1_114' title='bbox 801 1370 830 1421; x_wconf 89' lang='lat' dir='ltr'><strong>et</strong></span> <span class='ocrx_word' id='word_1_115' title='bbox 843 1363 922 1420; x_wconf 87' lang='lat' dir='ltr'><strong>mala</strong></span> <span class='ocrx_word' id='word_1_116' title='bbox 944 1376 1031 1436; x_wconf 87' lang='lat' dir='ltr'><strong>pace.</strong></span> 
     </span>
    </p>

    <p class='ocr_par' dir='ltr' id='par_1_5' title="bbox 136 1445 1146 1938">
     <span class='ocr_line' id='line_1_15' title="bbox 136 1445 1145 1507; baseline -0.001 0"><span class='ocrx_word' id='word_1_117' title='bbox 136 1457 151 1507; x_wconf 91' lang='lat'><em>1</em></span> <span class='ocrx_word' id='word_1_118' title='bbox 225 1447 274 1505; x_wconf 89' lang='lat' dir='ltr'><strong>lX.</strong></span> <span class='ocrx_word' id='word_1_119' title='bbox 307 1446 425 1506; x_wconf 88' lang='lat' dir='ltr'><strong>Deinde</strong></span> <span class='ocrx_word' id='word_1_120' title='bbox 439 1445 512 1504; x_wconf 87' lang='lat' dir='ltr'><strong>nihii</strong></span> <span class='ocrx_word' id='word_1_121' title='bbox 525 1445 617 1506; x_wconf 84' lang='lat' dir='ltr'><strong>habet</strong></span> <span class='ocrx_word' id='word_1_122' title='bbox 631 1446 660 1504; x_wconf 94' lang='lat' dir='ltr'><strong>in</strong></span> <span class='ocrx_word' id='word_1_123' title='bbox 682 1460 718 1505; x_wconf 88' lang='lat' dir='ltr'><strong>se</strong></span> <span class='ocrx_word' id='word_1_124' title='bbox 737 1446 810 1506; x_wconf 89' lang='lat' dir='ltr'><strong>utile</strong></span> <span class='ocrx_word' id='word_1_125' title='bbox 831 1460 889 1505; x_wconf 87' lang='lat' dir='ltr'><strong>nec</strong></span> <span class='ocrx_word' id='word_1_126' title='bbox 910 1445 990 1504; x_wconf 91' lang='lat' dir='ltr'><strong>acult</strong></span> <span class='ocrx_word' id='word_1_127' title='bbox 1009 1445 1145 1506; x_wconf 89' lang='lat' dir='ltr'><strong>animum</strong></span> 
     </span>
     <span class='ocr_line' id='line_1_16' title="bbox 165 1527 1146 1603; baseline 0.001 -15"><span class='ocrx_word' id='word_1_128' title='bbox 165 1530 204 1588; x_wconf 83' lang='lat' dir='ltr'><strong>ad</strong></span> <span class='ocrx_word' id='word_1_129' title='bbox 228 1544 279 1587; x_wconf 90' lang='lat' dir='ltr'><strong>res</strong></span> <span class='ocrx_word' id='word_1_130' title='bbox 303 1528 440 1589; x_wconf 90' lang='lat' dir='ltr'><strong>bellicas.</strong></span> <span class='ocrx_word' id='word_1_131' title='bbox 481 1545 646 1603; x_wconf 83' lang='lat' dir='ltr'><strong>numquam</strong></span> <span class='ocrx_word' id='word_1_132' title='bbox 665 1528 745 1588; x_wconf 88' lang='lat' dir='ltr'><strong>enim</strong></span> <span class='ocrx_word' id='word_1_133' title='bbox 766 1530 860 1588; x_wconf 89' lang='lat' dir='ltr'><strong>virtus</strong></span> <span class='ocrx_word' id='word_1_134' title='bbox 880 1528 954 1588; x_wconf 88' lang='lat' dir='ltr'><strong>vitio</strong></span> <span class='ocrx_word' id='word_1_135' title='bbox 970 1527 1146 1589; x_wconf 86' lang='lat' dir='ltr'><strong>adiuvanda</strong></span> 
     </span>
     <span class='ocr_line' id='line_1_17' title="bbox 165 1610 1144 1687; baseline 0.003 -16"><span class='ocrx_word' id='word_1_136' title='bbox 165 1620 213 1672; x_wconf 90' lang='lat' dir='ltr'><strong>est</strong></span> <span class='ocrx_word' id='word_1_137' title='bbox 227 1626 262 1670; x_wconf 89' lang='lat' dir='ltr'><strong>se</strong></span> <span class='ocrx_word' id='word_1_138' title='bbox 277 1618 426 1671; x_wconf 88' lang='lat' dir='ltr'><strong>contenta.</strong></span> <span class='ocrx_word' id='word_1_139' title='bbox 464 1613 605 1686; x_wconf 89' lang='lat' dir='ltr'><strong>quotiens</strong></span> <span class='ocrx_word' id='word_1_140' title='bbox 620 1613 725 1687; x_wconf 90' lang='lat' dir='ltr'><strong>inpetu</strong></span> <span class='ocrx_word' id='word_1_141' title='bbox 739 1627 818 1686; x_wconf 90' lang='lat' dir='ltr'><strong>epus</strong></span> <span class='ocrx_word' id='word_1_142' title='bbox 834 1619 896 1684; x_wconf 92' lang='grc' dir='ltr'><strong>εει,</strong></span> <span class='ocrx_word' id='word_1_143' title='bbox 916 1627 978 1671; x_wconf 89' lang='lat' dir='ltr'><strong>non</strong></span> <span class='ocrx_word' id='word_1_144' title='bbox 992 1610 1144 1686; x_wconf 85' lang='lat' dir='ltr'><strong>irascitur,</strong></span> 
     </span>
     <span class='ocr_line' id='line_1_18' title="bbox 165 1694 1146 1770; baseline 0.002 -15"><span class='ocrx_word' id='word_1_145' title='bbox 165 1695 222 1755; x_wconf 86' lang='lat' dir='ltr'><strong>sed</strong></span> <span class='ocrx_word' id='word_1_146' title='bbox 236 1695 374 1769; x_wconf 82' lang='lat' dir='ltr'><strong>exsurgit</strong></span> <span class='ocrx_word' id='word_1_147' title='bbox 388 1702 418 1753; x_wconf 90' lang='lat' dir='ltr'><strong>et</strong></span> <span class='ocrx_word' id='word_1_148' title='bbox 432 1694 461 1753; x_wconf 89' lang='lat' dir='ltr'><strong>in</strong></span> <span class='ocrx_word' id='word_1_149' title='bbox 480 1700 625 1769; x_wconf 85' lang='lat' dir='ltr'><strong>quantum</strong></span> <span class='ocrx_word' id='word_1_150' title='bbox 638 1695 755 1770; x_wconf 88' lang='lat' dir='ltr'><strong>putavit</strong></span> <span class='ocrx_word' id='word_1_151' title='bbox 769 1711 850 1770; x_wconf 89' lang='lat' dir='ltr'><strong>opus</strong></span> <span class='ocrx_word' id='word_1_152' title='bbox 864 1709 950 1766; x_wconf 88' lang='lat' dir='ltr'><strong>esse,</strong></span> <span class='ocrx_word' id='word_1_153' title='bbox 973 1695 1146 1757; x_wconf 89' lang='lat' dir='ltr'><strong>concitatur</strong></span> 
     </span>
     <span class='ocr_line' id='line_1_19' title="bbox 164 1777 1143 1855; baseline 0 -17"><span class='ocrx_word' id='word_1_154' title='bbox 164 1777 392 1855; x_wconf 88' lang='lat' dir='ltr'><strong>remittiturque,</strong></span> <span class='ocrx_word' id='word_1_155' title='bbox 418 1794 480 1838; x_wconf 90' lang='lat' dir='ltr'><strong>non</strong></span> <span class='ocrx_word' id='word_1_156' title='bbox 494 1779 580 1838; x_wconf 87' lang='lat' dir='ltr'><strong>aliter</strong></span> <span class='ocrx_word' id='word_1_157' title='bbox 595 1794 684 1853; x_wconf 91' lang='lat' dir='ltr'><strong>quam</strong></span> <span class='ocrx_word' id='word_1_158' title='bbox 701 1795 780 1853; x_wconf 90' lang='lat' dir='ltr'><strong>quae</strong></span> <span class='ocrx_word' id='word_1_159' title='bbox 795 1777 953 1841; x_wconf 86' lang='lat' dir='ltr'><strong>tormentis</strong></span> <span class='ocrx_word' id='word_1_160' title='bbox 967 1777 1143 1853; x_wconf 88' lang='lat' dir='ltr'><strong>exprimun-</strong></span> 
     </span>
     <span class='ocr_line' id='line_1_20' title="bbox 165 1862 1145 1938; baseline 0.003 -17"><span class='ocrx_word' id='word_1_161' title='bbox 165 1871 213 1922; x_wconf 88' lang='lat' dir='ltr'><strong>tur</strong></span> <span class='ocrx_word' id='word_1_162' title='bbox 232 1863 306 1935; x_wconf 88' lang='lat' dir='ltr'><strong>tela,</strong></span> <span class='ocrx_word' id='word_1_163' title='bbox 328 1863 356 1920; x_wconf 93' lang='lat' dir='ltr'><strong>in</strong></span> <span class='ocrx_word' id='word_1_164' title='bbox 380 1868 531 1936; x_wconf 84' lang='lat' dir='ltr'><strong>potestate</strong></span> <span class='ocrx_word' id='word_1_165' title='bbox 550 1862 692 1922; x_wconf 90' lang='lat' dir='ltr'><strong>mittentis</strong></span> <span class='ocrx_word' id='word_1_166' title='bbox 713 1871 785 1923; x_wconf 88' lang='lat' dir='ltr'><strong>sunt</strong></span> <span class='ocrx_word' id='word_1_167' title='bbox 805 1863 834 1921; x_wconf 95' lang='lat' dir='ltr'><strong>in</strong></span> <span class='ocrx_word' id='word_1_168' title='bbox 854 1867 999 1937; x_wconf 86' lang='lat' dir='ltr'><strong>quantum</strong></span> <span class='ocrx_word' id='word_1_169' title='bbox 1020 1869 1145 1938; x_wconf 87' lang='lat' dir='ltr'><strong>torque·</strong></span> 
     </span>
    </p>

    <p class='ocr_par' dir='ltr' id='par_1_6' title="bbox 138 1942 1147 2605">
     <span class='ocr_line' id='line_1_21' title="bbox 138 1942 1145 2021; baseline 0.007 -20"><span class='ocrx_word' id='word_1_170' title='bbox 138 1951 263 2004; x_wconf 77' lang='lat' dir='ltr'><strong>rantur.</strong></span> <span class='ocrx_word' id='word_1_171' title='bbox 294 1945 364 2018; x_wconf 80' lang='lat' dir='ltr'><strong>Iro,</strong></span> <span class='ocrx_word' id='word_1_172' title='bbox 384 1942 483 2020; x_wconf 87' lang='lat' dir='ltr'><strong>inquit</strong></span> <span class='ocrx_word' id='word_1_173' title='bbox 501 1945 696 2017; x_wconf 83' lang='lat' dir='ltr'><strong>Aristoteles,</strong></span> <span class='ocrx_word' id='word_1_174' title='bbox 718 1948 950 2008; x_wconf 74' lang='lat' dir='ltr'><strong>ncocermtcest.</strong></span> <span class='ocrx_word' id='word_1_175' title='bbox 979 1960 1038 2007; x_wconf 77' lang='lat' dir='ltr'><strong>acc</strong></span> <span class='ocrx_word' id='word_1_176' title='bbox 1056 1950 1145 2021; x_wconf 80' lang='lat' dir='ltr'><strong>quic-</strong></span> 
     </span>
     <span class='ocr_line' id='line_1_22' title="bbox 165 2031 1147 2105; baseline 0.001 -16"><span class='ocrx_word' id='word_1_177' title='bbox 165 2045 254 2105; x_wconf 82' lang='lat' dir='ltr'><strong>pucm</strong></span> <span class='ocrx_word' id='word_1_178' title='bbox 272 2031 337 2090; x_wconf 77' lang='grc' dir='ltr'><strong>εἰπε</strong></span> <span class='ocrx_word' id='word_1_179' title='bbox 352 2032 407 2089; x_wconf 76' lang='lat' dir='ltr'><strong>ctio</strong></span> <span class='ocrx_word' id='word_1_180' title='bbox 419 2031 592 2105; x_wconf 59' lang='lat' dir='ltr'><strong>expectari</strong></span> <span class='ocrx_word' id='word_1_181' title='bbox 604 2037 708 2104; x_wconf 80' lang='lat' dir='ltr'><strong>potest,</strong></span> <span class='ocrx_word' id='word_1_182' title='bbox 729 2033 790 2090; x_wconf 76' lang='grc' dir='ltr'><strong>εἰει·</strong></span> <span class='ocrx_word' id='word_1_183' title='bbox 801 2033 853 2090; x_wconf 81' lang='lat' dir='ltr'><strong>illo</strong></span> <span class='ocrx_word' id='word_1_184' title='bbox 867 2033 960 2105; x_wconf 75' lang='lat' dir='ltr'><strong>inplei</strong></span> <span class='ocrx_word' id='word_1_185' title='bbox 972 2033 1105 2090; x_wconf 72' lang='lat' dir='ltr'><strong>animem</strong></span> <span class='ocrx_word' id='word_1_186' title='bbox 1118 2036 1147 2090; x_wconf 79' lang='lat' dir='ltr'><strong>ct</strong></span> 
     </span>
     <span class='ocr_line' id='line_1_23' title="bbox 165 2114 1145 2189; baseline 0.002 -16"><span class='ocrx_word' id='word_1_187' title='bbox 165 2116 300 2189; x_wconf 69' lang='grc' dir='ltr'><strong>εριείιιιει</strong></span> <span class='ocrx_word' id='word_1_188' title='bbox 325 2115 471 2174; x_wconf 70' lang='lat' dir='ltr'><strong>accendit</strong></span> <span class='ocrx_word' id='word_1_189' title='bbox 512 2114 652 2173; x_wconf 65' lang='lat' dir='ltr'><strong>cundum</strong></span> <span class='ocrx_word' id='word_1_190' title='bbox 673 2120 771 2174; x_wconf 82' lang='lat' dir='ltr'><strong>autem</strong></span> <span class='ocrx_word' id='word_1_191' title='bbox 789 2116 844 2174; x_wconf 82' lang='lat' dir='ltr'><strong>illa</strong></span> <span class='ocrx_word' id='word_1_192' title='bbox 863 2119 982 2173; x_wconf 78' lang='lat' dir='ltr'><strong>estnon</strong></span> <span class='ocrx_word' id='word_1_193' title='bbox 1002 2119 1036 2172; x_wconf 86' lang='lat' dir='ltr'><strong>ut</strong></span> <span class='ocrx_word' id='word_1_194' title='bbox 1059 2114 1145 2185; x_wconf 81' lang='lat' dir='ltr'><strong>daec,</strong></span> 
     </span>
     <span class='ocr_line' id='line_1_24' title="bbox 165 2195 1143 2272; baseline -0.001 -16"><span class='ocrx_word' id='word_1_195' title='bbox 165 2198 219 2258; x_wconf 83' lang='lat' dir='ltr'><strong>sed</strong></span> <span class='ocrx_word' id='word_1_196' title='bbox 231 2205 264 2257; x_wconf 82' lang='lat' dir='ltr'><strong>ut</strong></span> <span class='ocrx_word' id='word_1_197' title='bbox 276 2199 375 2258; x_wconf 76' lang='lat' dir='ltr'><strong>milite.</strong></span> <span class='ocrx_word' id='word_1_198' title='bbox 405 2197 489 2272; x_wconf 91' lang='lat' dir='ltr'><strong>quod</strong></span> <span class='ocrx_word' id='word_1_199' title='bbox 505 2197 616 2256; x_wconf 83' lang='lat' dir='ltr'><strong>laisum</strong></span> <span class='ocrx_word' id='word_1_200' title='bbox 630 2203 687 2258; x_wconf 89' lang='lat' dir='ltr'><strong>est.</strong></span> <span class='ocrx_word' id='word_1_201' title='bbox 719 2212 790 2256; x_wconf 92' lang='lat' dir='ltr'><strong>nam</strong></span> <span class='ocrx_word' id='word_1_202' title='bbox 810 2197 836 2256; x_wconf 89' lang='lat' dir='ltr'><strong>si</strong></span> <span class='ocrx_word' id='word_1_203' title='bbox 857 2195 982 2256; x_wconf 86' lang='lat' dir='ltr'><strong>exaudit</strong></span> <span class='ocrx_word' id='word_1_204' title='bbox 994 2196 1143 2256; x_wconf 81' lang='lat' dir='ltr'><strong>rationem</strong></span> 
     </span>
     <span class='ocr_line' id='line_1_25' title="bbox 166 2279 1144 2356; baseline -0.003 -15"><span class='ocrx_word' id='word_1_205' title='bbox 166 2281 367 2356; x_wconf 85' lang='lat' dir='ltr'><strong>sequiturque</strong></span> <span class='ocrx_word' id='word_1_206' title='bbox 382 2297 444 2356; x_wconf 92' lang='lat' dir='ltr'><strong>qua</strong></span> <span class='ocrx_word' id='word_1_207' title='bbox 458 2281 586 2353; x_wconf 84' lang='lat' dir='ltr'><strong>ducitur,</strong></span> <span class='ocrx_word' id='word_1_208' title='bbox 601 2281 661 2340; x_wconf 88' lang='lat' dir='ltr'><strong>iam</strong></span> <span class='ocrx_word' id='word_1_209' title='bbox 676 2296 737 2341; x_wconf 91' lang='lat' dir='ltr'><strong>non</strong></span> <span class='ocrx_word' id='word_1_210' title='bbox 753 2287 801 2341; x_wconf 88' lang='lat' dir='ltr'><strong>est</strong></span> <span class='ocrx_word' id='word_1_211' title='bbox 817 2279 871 2352; x_wconf 87' lang='lat' dir='ltr'><strong>ira,</strong></span> <span class='ocrx_word' id='word_1_212' title='bbox 884 2279 971 2339; x_wconf 85' lang='lat' dir='ltr'><strong>cuius</strong></span> <span class='ocrx_word' id='word_1_213' title='bbox 985 2281 1144 2354; x_wconf 87' lang='lat' dir='ltr'><strong>proprium</strong></span> 
     </span>
     <span class='ocr_line' id='line_1_26' title="bbox 166 2361 1146 2440; baseline -0.001 -15"><span class='ocrx_word' id='word_1_214' title='bbox 166 2373 213 2425; x_wconf 88' lang='grc' dir='ltr'><strong>εει</strong></span> <span class='ocrx_word' id='word_1_215' title='bbox 227 2365 428 2426; x_wconf 88' lang='lat' dir='ltr'><strong>contumacia.</strong></span> <span class='ocrx_word' id='word_1_216' title='bbox 459 2366 486 2424; x_wconf 91' lang='lat' dir='ltr'><strong>si</strong></span> <span class='ocrx_word' id='word_1_217' title='bbox 506 2380 581 2425; x_wconf 90' lang='lat' dir='ltr'><strong>vero</strong></span> <span class='ocrx_word' id='word_1_218' title='bbox 601 2371 752 2440; x_wconf 80' lang='lat' dir='ltr'><strong>repugnat</strong></span> <span class='ocrx_word' id='word_1_219' title='bbox 773 2372 803 2424; x_wconf 90' lang='lat' dir='ltr'><strong>et</strong></span> <span class='ocrx_word' id='word_1_220' title='bbox 823 2379 884 2423; x_wconf 91' lang='lat' dir='ltr'><strong>non</strong></span> <span class='ocrx_word' id='word_1_221' title='bbox 909 2361 962 2422; x_wconf 91' lang='lat' dir='ltr'><strong>ubi</strong></span> <span class='ocrx_word' id='word_1_222' title='bbox 984 2362 1075 2424; x_wconf 85' lang='lat' dir='ltr'><strong>iussa</strong></span> <span class='ocrx_word' id='word_1_223' title='bbox 1098 2370 1146 2424; x_wconf 88' lang='grc' dir='ltr'><strong>εει</strong></span> 
     </span>
     <span class='ocr_line' id='line_1_27' title="bbox 168 2445 1145 2523; baseline -0.003 -15"><span class='ocrx_word' id='word_1_224' title='bbox 168 2448 312 2523; x_wconf 84' lang='lat' dir='ltr'><strong>quiescit,</strong></span> <span class='ocrx_word' id='word_1_225' title='bbox 335 2449 392 2508; x_wconf 91' lang='lat' dir='ltr'><strong>sed</strong></span> <span class='ocrx_word' id='word_1_226' title='bbox 407 2447 531 2508; x_wconf 86' lang='lat' dir='ltr'><strong>libidine</strong></span> <span class='ocrx_word' id='word_1_227' title='bbox 547 2448 723 2522; x_wconf 79' lang='lat' dir='ltr'><strong>ferociaque</strong></span> <span class='ocrx_word' id='word_1_228' title='bbox 738 2446 929 2522; x_wconf 86' lang='lat' dir='ltr'><strong>provehitur,</strong></span> <span class='ocrx_word' id='word_1_229' title='bbox 956 2453 1016 2506; x_wconf 88' lang='lat' dir='ltr'><strong>tam</strong></span> <span class='ocrx_word' id='word_1_230' title='bbox 1030 2445 1145 2507; x_wconf 87' lang='lat' dir='ltr'><strong>inutilis</strong></span> 
     </span>
     <span class='ocr_line' id='line_1_28' title="bbox 167 2530 1144 2605; baseline 0.001 -18"><span class='ocrx_word' id='word_1_231' title='bbox 167 2530 258 2588; x_wconf 82' lang='lat' dir='ltr'><strong>animi</strong></span> <span class='ocrx_word' id='word_1_232' title='bbox 275 2531 412 2596; x_wconf 87' lang='lat' dir='ltr'><strong>minister</strong></span> <span class='ocrx_word' id='word_1_233' title='bbox 432 2538 480 2590; x_wconf 88' lang='grc' dir='ltr'><strong>εει</strong></span> <span class='ocrx_word' id='word_1_234' title='bbox 501 2545 591 2604; x_wconf 90' lang='lat' dir='ltr'><strong>quam</strong></span> <span class='ocrx_word' id='word_1_235' title='bbox 614 2530 716 2601; x_wconf 85' lang='lat' dir='ltr'><strong>miles,</strong></span> <span class='ocrx_word' id='word_1_236' title='bbox 739 2530 791 2603; x_wconf 90' lang='lat' dir='ltr'><strong>qui</strong></span> <span class='ocrx_word' id='word_1_237' title='bbox 806 2530 925 2603; x_wconf 83' lang='lat' dir='ltr'><strong>signum</strong></span> <span class='ocrx_word' id='word_1_238' title='bbox 939 2531 1079 2605; x_wconf 87' lang='lat' dir='ltr'><strong>receptui</strong></span> <span class='ocrx_word' id='word_1_239' title='bbox 1093 2544 1144 2589; x_wconf 90' lang='lat' dir='ltr'><strong>ne-</strong></span> 
     </span>
    </p>

    <p class='ocr_par' dir='ltr' id='par_1_7' title="bbox 137 2610 1146 3263">
     <span class='ocr_line' id='line_1_29' title="bbox 137 2610 1144 2686; baseline 0.006 -18"><span class='ocrx_word' id='word_1_240' title='bbox 137 2612 266 2686; x_wconf 71' lang='lat' dir='ltr'><strong>tglegit.</strong></span> <span class='ocrx_word' id='word_1_241' title='bbox 281 2654 285 2659; x_wconf 87' lang='grc'><strong>-</strong></span> <span class='ocrx_word' id='word_1_242' title='bbox 298 2612 404 2686; x_wconf 88' lang='lat' dir='ltr'><strong>ltaque</strong></span> <span class='ocrx_word' id='word_1_243' title='bbox 424 2612 451 2670; x_wconf 89' lang='lat' dir='ltr'><strong>si</strong></span> <span class='ocrx_word' id='word_1_244' title='bbox 473 2612 596 2672; x_wconf 89' lang='lat' dir='ltr'><strong>modum</strong></span> <span class='ocrx_word' id='word_1_245' title='bbox 618 2611 755 2671; x_wconf 88' lang='lat' dir='ltr'><strong>adhiberi</strong></span> <span class='ocrx_word' id='word_1_246' title='bbox 776 2610 834 2671; x_wconf 87' lang='lat' dir='ltr'><strong>sibi</strong></span> <span class='ocrx_word' id='word_1_247' title='bbox 855 2613 981 2686; x_wconf 88' lang='lat' dir='ltr'><strong>patitur,</strong></span> <span class='ocrx_word' id='word_1_248' title='bbox 1008 2613 1069 2675; x_wconf 89' lang='lat' dir='ltr'><strong>alio</strong></span> <span class='ocrx_word' id='word_1_249' title='bbox 1090 2629 1144 2674; x_wconf 79' lang='lat' dir='ltr'><strong>no</strong></span> 
     </span>
     <span class='ocr_line' id='line_1_30' title="bbox 165 2691 1145 2768; baseline 0.003 -15"><span class='ocrx_word' id='word_1_250' title='bbox 165 2694 246 2754; x_wconf 90' lang='lat' dir='ltr'><strong>mine</strong></span> <span class='ocrx_word' id='word_1_251' title='bbox 260 2694 444 2768; x_wconf 87' lang='lat' dir='ltr'><strong>adpellanda</strong></span> <span class='ocrx_word' id='word_1_252' title='bbox 458 2700 513 2764; x_wconf 90' lang='lat' dir='ltr'><strong>est,</strong></span> <span class='ocrx_word' id='word_1_253' title='bbox 535 2691 628 2753; x_wconf 88' lang='lat' dir='ltr'><strong>desiit</strong></span> <span class='ocrx_word' id='word_1_254' title='bbox 646 2694 691 2752; x_wconf 84' lang='lat' dir='ltr'><strong>ira</strong></span> <span class='ocrx_word' id='word_1_255' title='bbox 704 2708 784 2766; x_wconf 85' lang='lat' dir='ltr'><strong>esse,</strong></span> <span class='ocrx_word' id='word_1_256' title='bbox 801 2697 891 2768; x_wconf 87' lang='lat' dir='ltr'><strong>quam</strong></span> <span class='ocrx_word' id='word_1_257' title='bbox 907 2695 1086 2756; x_wconf 80' lang='lat' dir='ltr'><strong>effrenatam</strong></span> <span class='ocrx_word' id='word_1_258' title='bbox 1100 2695 1145 2756; x_wconf 93' lang='lat' dir='ltr'><strong>in·</strong></span> 
     </span>
     <span class='ocr_line' id='line_1_31' title="bbox 165 2775 1145 2851; baseline 0.001 -13"><span class='ocrx_word' id='word_1_259' title='bbox 165 2776 372 2851; x_wconf 86' lang='lat' dir='ltr'><strong>domitamque</strong></span> <span class='ocrx_word' id='word_1_260' title='bbox 386 2775 538 2850; x_wconf 84' lang='lat' dir='ltr'><strong>intellego.</strong></span> <span class='ocrx_word' id='word_1_261' title='bbox 570 2776 597 2835; x_wconf 91' lang='lat' dir='ltr'><strong>si</strong></span> <span class='ocrx_word' id='word_1_262' title='bbox 612 2792 673 2835; x_wconf 93' lang='lat' dir='ltr'><strong>non</strong></span> <span class='ocrx_word' id='word_1_263' title='bbox 690 2777 814 2850; x_wconf 88' lang='lat' dir='ltr'><strong>patitur,</strong></span> <span class='ocrx_word' id='word_1_264' title='bbox 836 2779 1009 2851; x_wconf 84' lang='lat' dir='ltr'><strong>perniciosa</strong></span> <span class='ocrx_word' id='word_1_265' title='bbox 1024 2787 1145 2841; x_wconf 90' lang='lat' dir='ltr'><strong>estnec</strong></span> 
     </span>
     <span class='ocr_line' id='line_1_32' title="bbox 137 2857 1145 2925; baseline 0.005 -9"><span class='ocrx_word' id='word_1_266' title='bbox 137 2863 244 2923; x_wconf 79' lang='lat' dir='ltr'><strong>linter</strong></span> <span class='ocrx_word' id='word_1_267' title='bbox 258 2860 372 2921; x_wconf 80' lang='lat' dir='ltr'><strong>arixilia</strong></span> <span class='ocrx_word' id='word_1_268' title='bbox 386 2860 582 2919; x_wconf 82' lang='lat' dir='ltr'><strong>numeranda.</strong></span> <span class='ocrx_word' id='word_1_269' title='bbox 622 2859 666 2917; x_wconf 86' lang='lat' dir='ltr'><strong>lta</strong></span> <span class='ocrx_word' id='word_1_270' title='bbox 686 2865 738 2918; x_wconf 90' lang='lat' dir='ltr'><strong>aut</strong></span> <span class='ocrx_word' id='word_1_271' title='bbox 757 2857 803 2918; x_wconf 89' lang='lat' dir='ltr'><strong>ira</strong></span> <span class='ocrx_word' id='word_1_272' title='bbox 826 2877 887 2920; x_wconf 94' lang='lat' dir='ltr'><strong>non</strong></span> <span class='ocrx_word' id='word_1_273' title='bbox 903 2870 951 2922; x_wconf 87' lang='lat' dir='ltr'><strong>est</strong></span> <span class='ocrx_word' id='word_1_274' title='bbox 965 2871 1017 2922; x_wconf 90' lang='lat' dir='ltr'><strong>aut</strong></span> <span class='ocrx_word' id='word_1_275' title='bbox 1030 2863 1145 2925; x_wconf 88' lang='lat' dir='ltr'><strong>inutilis</strong></span> 
     </span>
     <span class='ocr_line' id='line_1_33' title="bbox 166 2940 1146 3020; baseline 0.001 -14"><span class='ocrx_word' id='word_1_276' title='bbox 166 2953 223 3006; x_wconf 88' lang='lat' dir='ltr'><strong>est.</strong></span> <span class='ocrx_word' id='word_1_277' title='bbox 253 2961 324 3004; x_wconf 84' lang='lat' dir='ltr'><strong>nam</strong></span> <span class='ocrx_word' id='word_1_278' title='bbox 338 2943 365 3004; x_wconf 87' lang='lat' dir='ltr'><strong>si</strong></span> <span class='ocrx_word' id='word_1_279' title='bbox 385 2944 455 3018; x_wconf 89' lang='lat' dir='ltr'><strong>quis</strong></span> <span class='ocrx_word' id='word_1_280' title='bbox 475 2957 606 3017; x_wconf 86' lang='lat' dir='ltr'><strong>poenam</strong></span> <span class='ocrx_word' id='word_1_281' title='bbox 627 2940 721 3015; x_wconf 83' lang='lat' dir='ltr'><strong>exigit</strong></span> <span class='ocrx_word' id='word_1_282' title='bbox 739 2957 801 3002; x_wconf 89' lang='lat' dir='ltr'><strong>non</strong></span> <span class='ocrx_word' id='word_1_283' title='bbox 821 2942 920 3017; x_wconf 89' lang='lat' dir='ltr'><strong>ipsius</strong></span> <span class='ocrx_word' id='word_1_284' title='bbox 939 2960 1062 3020; x_wconf 85' lang='lat' dir='ltr'><strong>poenae</strong></span> <span class='ocrx_word' id='word_1_285' title='bbox 1082 2946 1146 3007; x_wconf 79' lang='lat' dir='ltr'><strong>uvi·</strong></span> 
     </span>
     <span class='ocr_line' id='line_1_34' title="bbox 166 3024 1146 3102; baseline 0.003 -14"><span class='ocrx_word' id='word_1_286' title='bbox 166 3030 234 3099; x_wconf 76' lang='lat' dir='ltr'><strong>due,</strong></span> <span class='ocrx_word' id='word_1_287' title='bbox 251 3029 307 3087; x_wconf 91' lang='lat' dir='ltr'><strong>sed</strong></span> <span class='ocrx_word' id='word_1_288' title='bbox 323 3027 395 3102; x_wconf 91' lang='lat' dir='ltr'><strong>quia</strong></span> <span class='ocrx_word' id='word_1_289' title='bbox 410 3032 539 3100; x_wconf 84' lang='lat' dir='ltr'><strong>oportet,</strong></span> <span class='ocrx_word' id='word_1_290' title='bbox 556 3040 617 3084; x_wconf 91' lang='lat' dir='ltr'><strong>non</strong></span> <span class='ocrx_word' id='word_1_291' title='bbox 632 3031 680 3084; x_wconf 89' lang='lat' dir='ltr'><strong>est</strong></span> <span class='ocrx_word' id='word_1_292' title='bbox 693 3024 940 3087; x_wconf 88' lang='lat' dir='ltr'><strong>adnumerandus</strong></span> <span class='ocrx_word' id='word_1_293' title='bbox 955 3028 1050 3090; x_wconf 86' lang='lat' dir='ltr'><strong>iratis.</strong></span> <span class='ocrx_word' id='word_1_294' title='bbox 1088 3031 1146 3091; x_wconf 86' lang='lat' dir='ltr'><strong>liic</strong></span> 
     </span>
     <span class='ocr_line' id='line_1_35' title="bbox 165 3107 1144 3189; baseline 0.006 -21"><span class='ocrx_word' id='word_1_295' title='bbox 165 3110 222 3168; x_wconf 89' lang='lat' dir='ltr'><strong>erit</strong></span> <span class='ocrx_word' id='word_1_296' title='bbox 235 3109 316 3168; x_wconf 89' lang='lat' dir='ltr'><strong>utilis</strong></span> <span class='ocrx_word' id='word_1_297' title='bbox 330 3109 417 3167; x_wconf 86' lang='lat' dir='ltr'><strong>miles</strong></span> <span class='ocrx_word' id='word_1_298' title='bbox 433 3108 485 3180; x_wconf 90' lang='lat' dir='ltr'><strong>qui</strong></span> <span class='ocrx_word' id='word_1_299' title='bbox 500 3107 557 3166; x_wconf 90' lang='lat' dir='ltr'><strong>scit</strong></span> <span class='ocrx_word' id='word_1_300' title='bbox 569 3121 678 3180; x_wconf 90' lang='lat' dir='ltr'><strong>parere</strong></span> <span class='ocrx_word' id='word_1_301' title='bbox 693 3108 831 3166; x_wconf 89' lang='lat' dir='ltr'><strong>consilio.</strong></span> <span class='ocrx_word' id='word_1_302' title='bbox 864 3111 1004 3172; x_wconf 88' lang='lat' dir='ltr'><strong>adlectus</strong></span> <span class='ocrx_word' id='word_1_303' title='bbox 1020 3114 1144 3189; x_wconf 87' lang='lat' dir='ltr'><strong>quidem</strong></span> 
     </span>
     <span class='ocr_line' id='line_1_36' title="bbox 144 3189 763 3263; baseline -0.008 -12"><span class='ocrx_word' id='word_1_304' title='bbox 144 3210 146 3212; x_wconf 84' lang='lat'>·</span> <span class='ocrx_word' id='word_1_305' title='bbox 165 3199 226 3251; x_wconf 83' lang='lat' dir='ltr'><strong>tam</strong></span> <span class='ocrx_word' id='word_1_306' title='bbox 239 3192 310 3248; x_wconf 89' lang='lat' dir='ltr'><strong>mali</strong></span> <span class='ocrx_word' id='word_1_307' title='bbox 323 3189 451 3248; x_wconf 91' lang='lat' dir='ltr'><strong>ministri</strong></span> <span class='ocrx_word' id='word_1_308' title='bbox 466 3205 556 3263; x_wconf 90' lang='lat' dir='ltr'><strong>quam</strong></span> <span class='ocrx_word' id='word_1_309' title='bbox 571 3189 667 3248; x_wconf 90' lang='lat' dir='ltr'><strong>duces</strong></span> <span class='ocrx_word' id='word_1_310' title='bbox 682 3196 763 3248; x_wconf 86' lang='lat' dir='ltr'><strong>sunt.</strong></span> 
     </span>
    </p>
   </div>
   <div class='ocr_carea' id='block_1_3' title="bbox 138 3270 1146 3520">
    <p class='ocr_par' dir='ltr' id='par_1_8' title="bbox 138 3270 1146 3520">
     <span class='ocr_line' id='line_1_37' title="bbox 138 3270 1145 3354; baseline 0.003 -18"><span class='ocrx_word' id='word_1_311' title='bbox 138 3283 154 3336; x_wconf 95' lang='lat'>1</span> <span class='ocrx_word' id='word_1_312' title='bbox 226 3273 263 3333; x_wconf 89' lang='lat' dir='ltr'><strong>X.</strong></span> <span class='ocrx_word' id='word_1_313' title='bbox 294 3272 370 3332; x_wconf 90' lang='lat' dir='ltr'><strong>ldeo</strong></span> <span class='ocrx_word' id='word_1_314' title='bbox 384 3286 549 3345; x_wconf 88' lang='lat' dir='ltr'><strong>numquam</strong></span> <span class='ocrx_word' id='word_1_315' title='bbox 564 3270 705 3332; x_wconf 82' lang='lat' dir='ltr'><strong>adsumet</strong></span> <span class='ocrx_word' id='word_1_316' title='bbox 714 3272 790 3333; x_wconf 88' lang='lat' dir='ltr'><strong>ratio</strong></span> <span class='ocrx_word' id='word_1_317' title='bbox 802 3273 833 3332; x_wconf 87' lang='lat' dir='ltr'><strong>in</strong></span> <span class='ocrx_word' id='word_1_318' title='bbox 845 3275 1028 3338; x_wconf 83' lang='lat' dir='ltr'><strong>adiutorium</strong></span> <span class='ocrx_word' id='word_1_319' title='bbox 1041 3279 1145 3354; x_wconf 90' lang='lat' dir='ltr'><strong>inpro-</strong></span> 
     </span>
     <span class='ocr_line' id='line_1_38' title="bbox 165 3354 1145 3434; baseline 0.002 -17"><span class='ocrx_word' id='word_1_320' title='bbox 165 3358 255 3425; x_wconf 85' lang='lat' dir='ltr'><strong>vidos</strong></span> <span class='ocrx_word' id='word_1_321' title='bbox 270 3363 301 3415; x_wconf 91' lang='lat' dir='ltr'><strong>et</strong></span> <span class='ocrx_word' id='word_1_322' title='bbox 314 3355 465 3415; x_wconf 88' lang='lat' dir='ltr'><strong>violentos</strong></span> <span class='ocrx_word' id='word_1_323' title='bbox 480 3354 616 3428; x_wconf 90' lang='lat' dir='ltr'><strong>inpetus,</strong></span> <span class='ocrx_word' id='word_1_324' title='bbox 635 3354 718 3428; x_wconf 90' lang='lat' dir='ltr'><strong>apud</strong></span> <span class='ocrx_word' id='word_1_325' title='bbox 739 3371 820 3429; x_wconf 85' lang='lat' dir='ltr'><strong>quos¹</strong></span> <span class='ocrx_word' id='word_1_326' title='bbox 837 3358 910 3417; x_wconf 89' lang='lat' dir='ltr'><strong>nihll</strong></span> <span class='ocrx_word' id='word_1_327' title='bbox 930 3358 999 3434; x_wconf 87' lang='lat' dir='ltr'><strong>ipsa</strong></span> <span class='ocrx_word' id='word_1_328' title='bbox 1013 3361 1145 3422; x_wconf 86' lang='lat' dir='ltr'><strong>auctori-</strong></span> 
     </span>
     <span class='ocr_line' id='line_1_39' title="bbox 165 3436 1146 3520; baseline 0.001 -18"><span class='ocrx_word' id='word_1_329' title='bbox 165 3441 235 3502; x_wconf 89' lang='lat' dir='ltr'><strong>tatis</strong></span> <span class='ocrx_word' id='word_1_330' title='bbox 253 3439 378 3510; x_wconf 80' lang='lat' dir='ltr'><strong>hatest,</strong></span> <span class='ocrx_word' id='word_1_331' title='bbox 400 3451 479 3512; x_wconf 88' lang='lat' dir='ltr'><strong>ques</strong></span> <span class='ocrx_word' id='word_1_332' title='bbox 495 3451 658 3512; x_wconf 90' lang='lat' dir='ltr'><strong>numquam</strong></span> <span class='ocrx_word' id='word_1_333' title='bbox 676 3436 867 3519; x_wconf 65' lang='lat' dir='ltr'><strong>conmimere</strong></span> <span class='ocrx_word' id='word_1_334' title='bbox 882 3445 996 3516; x_wconf 88' lang='lat' dir='ltr'><strong>possit,</strong></span> <span class='ocrx_word' id='word_1_335' title='bbox 1017 3443 1078 3504; x_wconf 88' lang='lat' dir='ltr'><strong>nisi</strong></span> <span class='ocrx_word' id='word_1_336' title='bbox 1093 3460 1146 3520; x_wconf 79' lang='lat' dir='ltr'><strong>pu·</strong></span> 
     </span>
    </p>
   </div>
   <div class='ocr_carea' id='block_1_4' title="bbox 0 0 1196 3856">
    <p class='ocr_par' dir='ltr' id='par_1_9' title="bbox 0 0 1196 3856">
     <span class='ocr_line' id='line_1_40' title="bbox 0 0 1196 3856; baseline 0 0"><span class='ocrx_word' id='word_1_337' title='bbox 0 0 1196 3856; x_wconf 95' lang='lat' dir='ltr'><strong> </strong></span> 
     </span>
    </p>
   </div>
  </div>
 </body>
</html>
