2378 3856
118 114 139 178 l
160 118 293 179 olunt.
309 119 443 194 Quone
454 120 604 196 ALlQUA
616 119 849 183 incommune
860 119 976 181 BONIS
988 121 996 150 ¹

120 271 168 332 nis
188 272 266 334 locis
287 278 453 346 conspecta
469 271 615 332 miraculo
632 279 716 344 sunt,
739 279 772 331 ut
790 271 819 332 in
835 272 943 333 mediis
959 271 996 332 m

120 359 254 417 calentes
274 369 374 430 aquae
400 361 431 415 et
452 370 532 415 nova
551 353 719 415 insularum
737 356 766 413 in
791 362 879 417 vasto
900 356 996 415 exsilit

88 439 195 502 lmuri
216 437 325 513 spatia.
358 437 422 497 lam
439 453 514 498 vero
533 436 560 498 si
576 437 646 512 quls
661 436 874 499 observaverit
892 439 996 499 nudari

119 523 230 664 pelerffo
246 521 276 580 in
292 536 328 585 se
347 522 513 595 recidente
529 521 700 611 eademqne
717 522 795 591 intra
816 523 959 599 exiguum
980 531 996 584 t·

120 620 180 680 ope
209 605 247 679 ri,
272 604 377 665 credet
397 618 491 665 caeca
506 604 640 680 quadam
654 607 844 667 volutatione
858 606 950 667 modo
967 623 996 667 cr

118 689 218 749 undas
232 695 262 749 et
280 688 445 750 introrsum
460 690 525 765 agi,
546 689 640 751 modo
655 705 817 766 erumpere
838 697 868 750 et
882 707 993 765 magno

117 778 259 848 repetere
274 773 380 835 sedern
395 788 497 847 suom,
519 787 588 832 cum
609 772 725 834 interim
746 774 816 856 illue
831 776 996 849 portionibr

119 861 251 918 scurriet
261 857 302 916 ad
313 855 420 916 horam
432 870 468 917 eo
480 856 561 916 diem
575 857 710 918 subeunt
719 856 884 934 ampliores
896 859 996 919 minor

118 947 210 1017 prout
223 939 291 1000 illus
305 939 411 1001 lunare
423 941 510 1003 sidua
520 939 638 1015 elicuit,
650 941 691 1002 ed
702 941 790 1003 ouius
801 942 957 1003 arbitrium
969 958 996 1003 or

119 1023 263 1084 exundet.
300 1021 364 1084 Suo
378 1023 438 1084 istu
452 1023 589 1099 tempori
596 1021 792 1086 reserventur
805 1040 844 1085 eo
859 1026 983 1102 quidem
995 1045 996 1051 ¹

86 1116 103 1168 5
120 1108 204 1184 quod
218 1114 251 1168 tu
266 1124 327 1169 non
342 1107 463 1169 dubitas
478 1107 518 1168 de
530 1107 738 1183 providentia,
754 1110 812 1170 sed
824 1110 956 1185 quaeris.
987 1110 996 1168 l

118 1193 190 1253 tiam
210 1197 240 1251 te
254 1193 399 1252 reducam
417 1207 487 1252 cum
504 1190 554 1252 dle
569 1191 722 1253 adversus
741 1194 874 1268 optimos
897 1194 996 1269 optimi

120 1292 180 1353 que
195 1275 274 1337 enim
289 1291 391 1335 rerum
403 1284 512 1336 natura
522 1274 635 1351 patitur
644 1282 678 1336 ul
691 1293 835 1352 umquam
849 1277 931 1337 bona
945 1278 996 1336 lror

119 1366 217 1421 ceant.
247 1360 324 1418 inter
338 1359 438 1419 bonos
454 1359 537 1420 viros
558 1374 595 1421 ac
615 1359 692 1420 deos
707 1358 839 1422 amicum
853 1366 901 1421 est
924 1377 996 1423 conr

117 1443 237 1503 virtute.
258 1440 421 1501 amicitiem
436 1442 528 1503 dicor
554 1441 646 1503 immo
658 1441 750 1504 etiem
763 1443 961 1506 necessitudo
978 1461 994 1503 e

118 1525 230 1599 litudo‚
246 1524 391 1600 quoniam
406 1525 531 1600 quidem
544 1525 646 1585 bonus
662 1532 800 1602 tempore
811 1534 925 1589 tanturn
940 1545 957 1586 a
973 1529 996 1587 dr

6 1641 9 1647 ·
119 1609 185 1683 lert,
196 1607 368 1684 discipulus
379 1608 447 1669 eius
459 1609 689 1686 aemulatorque
700 1616 731 1670 et
740 1625 814 1671 veru
825 1612 996 1688 progenies,

120 1708 232 1770 parens
247 1692 299 1753 ille
311 1692 508 1768 magnificus,
529 1691 674 1755 virtutum
689 1710 749 1755 non
770 1695 849 1757 lenis
865 1703 990 1758 exactor

87 1787 105 1842 6
120 1777 221 1838 severi
236 1781 339 1852 putres
355 1776 461 1837 durius
477 1777 598 1838 educet.
618 1777 727 1854 Itaque
737 1795 806 1839 cum
821 1778 936 1840 videris
948 1780 996 1839 bor

118 1876 172 1921 ros
186 1865 397 1936 acceptosque
408 1860 456 1921 dis
471 1859 626 1936 lubomrc‚
642 1863 769 1936 sudare,
785 1863 996 1938 perarduum

119 1945 208 2015 dere,
224 1945 323 2004 melos
338 1951 439 2005 autem
450 1943 593 2007 lascivire
605 1952 637 2007 et
648 1945 858 2022 voluptatibus
873 1945 983 2018 liuere,

119 2028 250 2090 liliorum
264 2044 322 2090 nes
337 2028 488 2091 modestia
498 2030 658 2105 delectori,
673 2031 866 2091 vomutamm
880 2030 996 2090 lieentia

118 2112 282 2189 disciplina
302 2111 426 2175 tristiori
442 2111 606 2188 contineri,
626 2113 736 2174 borum
755 2114 796 2173 ali
817 2113 991 2174 audaciam=

118 2195 172 2257 tibi
184 2195 223 2256 rle
235 2197 294 2259 deo
306 2197 429 2274 liquent.
446 2198 562 2260 bonum
572 2197 671 2258 virum
683 2198 714 2257 in
726 2197 843 2259 deliciis
855 2214 916 2258 non
927 2196 996 2256 hebr

119 2280 252 2356 peritur,
265 2281 401 2356 indurat,
418 2281 477 2343 sibi
492 2282 576 2343 illum
590 2289 686 2358 parat

89 2366 104 2418 1
180 2365 218 2422 11.
251 2365 377 2439 Quare
405 2366 523 2427 multa
551 2366 665 2427 bonis
696 2366 791 2425 virle
820 2364 990 2423 adversa

119 2447 247 2507 niuntr
266 2446 499 2509 Nihiluucidere
509 2448 591 2511 bono
602 2447 669 2509 viro
681 2447 751 2507 meli
763 2452 880 2521 potesta
898 2462 959 2507 non
971 2464 996 2508 nr

118 2538 168 2591 tur
181 2528 342 2591 contraria
365 2530 626 2604 Quemadmodum
643 2537 688 2591 tot
700 2545 821 2604 amnes,
837 2536 952 2591 tuntum
967 2549 996 2593 sr

119 2611 307 2676 deiectorum
321 2613 478 2690 imbrium,
501 2622 585 2677 tenta
597 2612 818 2675 medicatorum
832 2613 880 2676 vis
898 2615 995 2677 lontiu

118 2703 236 2759 mutant
249 2713 392 2772 saporem
406 2699 514 2772 maris,
528 2714 569 2759 ne
579 2698 732 2759 rennuunt
743 2699 880 2773 quidem:
902 2701 944 2760 ita
953 2702 995 2761 ad

117 2797 185 2842 rum
198 2779 321 2857 inpetus
337 2798 436 2843 rerum
451 2780 509 2841 viri
521 2779 608 2842 lurtie
618 2796 681 2842 non
692 2783 782 2844 vertit
795 2782 936 2844 animum.
959 2800 996 2843 mr

118 2870 200 2926 statu
213 2871 245 2926 ct
262 2864 539 2942 quicq’uideuenit,
554 2864 583 2924 in
595 2864 684 2926 suum
696 2866 829 2928 colorem
844 2867 941 2928 trabit.
964 2883 996 2928 es

84 2954 102 3008 Ξ
117 2949 260 3010 omnibus
274 2950 415 3012 externis
424 2948 586 3024 potentior.
608 2948 671 3010 Neo
685 2949 745 3011 hoc
757 2951 845 3032 dlcoz
865 2967 925 3010 non
937 2967 993 3011 sen

118 3032 176 3092 sed
192 3030 286 3094 vincit
306 3039 337 3094 et
356 3031 493 3107 alioquin
513 3033 634 3108 quietus
655 3033 859 3110 placidusque
878 3041 984 3095 eontra

116 3115 214 3176 rentla
223 3116 385 3178 adtollitur.
406 3113 509 3176 omnia
519 3117 652 3178 adverse
667 3116 900 3201 exercitationes
912 3125 996 3194 putul

116 3205 234 3275 nutem,
253 3200 302 3260 vir
314 3199 407 3266 modo
423 3205 454 3259 et
473 3207 595 3262 erectus
616 3201 657 3262 ad
675 3201 819 3278 honesta,
840 3216 901 3262 non
923 3204 994 3263 estl

116 3281 267 3359 adpetens
283 3281 354 3343 luatl
369 3289 400 3343 ot
418 3283 460 3344 ad
480 3283 583 3346 olllclo
603 3301 672 3347 cum
688 3282 829 3363 periculo
839 3294 996 3362 promptus

85 3371 177 3427 enon
192 3365 342 3429 industrlo
354 3368 447 3428 otium
459 3384 560 3444 poena
575 3376 644 3432 esti
663 3371 801 3433 Athletas
813 3371 968 3446 videmus,
986 3387 996 3430 r
