2378 3856
115 187 992 254 nnflntvttnmtnraltmmtcotlsotatlollus.10.
1006 188 1068 257 att

94 340 157 402 siti
190 341 299 416 „quod
317 342 416 418 patria
436 358 538 418 cares,
556 359 617 404 non
632 351 680 404 est
692 344 845 406 miserum.
875 343 917 403 ita
930 349 960 402 te
976 341 1068 402 disci·

94 425 187 500 plinis
209 424 348 500 inbuisti,
370 431 402 485 ut
422 426 519 486 scires
534 440 655 487 ornnem
670 429 772 487 locum
787 426 917 501 sapienti
930 426 997 489 viro
1014 442 1068 501 pa·

92 508 184 569 triam
207 523 287 569 esse.
322 506 402 582 Quid
421 517 536 585 porros
556 508 623 585 hic,
648 511 700 585 qui
722 517 753 571 te
770 511 901 585 expulit,
923 527 983 571 non
999 511 1069 585 ipse

94 607 152 667 per
176 606 275 653 annos
303 592 409 653 decern
430 594 593 654 continuos
613 594 710 669 patria
735 593 852 654 cannis
874 591 1067 670 propagandi

96 675 164 735 sine
184 673 277 735 dubio
297 673 419 751 imperii
440 692 550 737 causa:
570 677 627 738 sed
642 692 752 755 nempe
768 678 873 739 caruit.
897 693 978 740 nunc
993 681 1097 738 ecces

93 757 186 819 uahit
210 759 293 819 illurn
320 760 360 818 ad
383 775 420 820 se
440 761 545 822 Africa
566 761 755 836 resurgentis
775 761 846 820 belli
861 761 950 821 minis
966 762 1067 836 plena,

92 841 185 902 trahit
197 841 359 918 Hispania,
382 860 462 918 quae
483 845 595 905 fractas
618 851 649 905 et
668 843 808 904 adflictas
822 850 925 920 partes
939 845 1067 916 refovet,

95 924 185 1003 mallit
197 928 360 1004 Aegyptus
375 928 478 1002 infida,
494 935 576 989 totus
592 929 726 1005 denique
743 928 838 1006 orbis,
855 927 907 1002 qui
921 929 961 988 ad
976 942 1067 989 occa·

94 1008 214 1071 sionem
229 1011 374 1071 concussi
389 1011 506 1085 imperii
521 1012 654 1073 intentus
669 1023 725 1072 est.
749 1011 798 1072 cui
813 1013 942 1087 primurn
956 1012 1000 1071 rei
1016 1026 1066 1070 oc·

94 1099 216 1153 curret?
241 1094 289 1154 cui
310 1095 388 1169 parti
403 1111 438 1155 se
452 1103 610 1172 opponet?
636 1103 706 1171 aget
718 1096 800 1156 illum
815 1111 872 1170 per
886 1110 992 1156 omnes
1007 1100 1066 1154 ter-

92 1191 145 1237 ras
160 1175 288 1237 victoria
302 1193 368 1237 sua.
389 1179 474 1239 lltum
487 1180 657 1255 suspiciant
667 1186 697 1241 et
708 1180 808 1241 colant
818 1185 942 1252 gentem
956 1185 988 1238 tu
998 1179 1067 1238 vive

92 1257 188 1321 Brute
203 1260 346 1320 miratore
361 1269 531 1323 contentus.
542 1269 560 1296 “

151 1343 192 1403 X.
221 1343 306 1405 Bene
326 1359 400 1419 ergo
422 1345 544 1405 exilium
565 1344 631 1405 tulit
645 1344 807 1405 Marcellus
830 1359 886 1402 nec
902 1343 1091 1417 quicquaml

91 1426 121 1487 in
142 1424 246 1499 animo
269 1428 336 1488 eius
357 1427 483 1489 mutavit
496 1429 556 1488 loci
571 1428 711 1502 mutatio,
733 1426 873 1502 quamvis
888 1442 955 1487 earn
970 1441 1064 1501 pau·

92 1506 227 1585 perta‘s
243 1519 432 1587 sequeretur.
455 1512 491 1570 in
509 1528 583 1586 qua
597 1510 694 1570 nihil
708 1511 795 1570 mali
811 1526 897 1586 esse,
924 1508 1065 1585 quisquis
1137 1515 1144 1521 ’

90 1594 185 1669 modo
207 1596 343 1656 nondum
364 1596 503 1670 pervenit
521 1596 552 1655 in
573 1596 722 1655 insaniam
744 1597 845 1655 omnia
858 1593 1065 1657 subvertentis

89 1677 239 1741 arandae
253 1687 345 1755 atque
361 1679 515 1752 luxuriae,
530 1678 684 1754 intellegit
719 1677 900 1752 Quantulum
913 1678 993 1737 enim
1007 1684 1064 1749 est,

90 1762 178 1839 quod
198 1764 228 1823 in
244 1764 369 1826 tutelam
384 1762 516 1823 hominis
532 1761 741 1823 necessarium
755 1762 816 1821 siti
845 1767 875 1821 et
890 1761 938 1821 eui
953 1761 1065 1820 deesse

88 1844 150 1909 hnc
169 1852 275 1922 potest
294 1848 386 1906 ullam
405 1847 497 1908 modo
518 1845 658 1907 virtutem
679 1845 823 1905 habenti?
854 1843 943 1917 Quod
963 1844 1002 1903 ad
1017 1854 1093 1906 mea

88 1930 216 2005 quidem
238 1931 381 2004 pertinet,
402 1930 544 2006 intellego
559 1945 608 1990 me
623 1946 684 1990 non
701 1945 793 2004 opes,
815 1929 873 1989 sed
888 1927 1063 2002 occupatio-

87 2028 146 2075 nes
160 2013 347 2089 perdidisse.
379 2012 559 2088 corporis
580 2014 723 2088 exigua
742 2012 944 2072 desideria
959 2018 1063 2071 sunt=

86 2096 218 2173 inigus
240 2097 459 2157 submoveri
482 2098 572 2171 vult,
593 2097 788 2157 alimentis
804 2097 938 2155 samem
953 2094 1062 2155 acsi·

85 2180 153 2243 tim
167 2181 437 2260 exstinguere.
462 2179 608 2256 quicquid
624 2188 710 2241 extra
725 2178 960 2253 concupiscitur,
974 2177 1062 2249 vitiis,

84 2278 151 2341 nen
166 2264 277 2326 usibus
293 2264 457 2325 laboratur.
485 2265 551 2324 Non
567 2271 614 2324 est
628 2280 759 2325 necesse
774 2278 864 2324 omne
878 2258 1064 2336 perscrutari

87 2346 277 2425 molendum
301 2364 359 2407 nec
384 2356 485 2422 strage
510 2347 683 2409 animalium
704 2355 839 2407 ventrem
861 2361 991 2407 onerare
1005 2361 1063 2404 nec

88 2430 254 2510 conchylia
279 2431 374 2492 ultimi
393 2433 486 2492 maris
509 2447 548 2491 ex
571 2431 674 2506 ignoto
690 2433 778 2493 litore
792 2444 913 2491 eruere=
940 2430 971 2491 di
985 2429 1062 2489 istos

88 2512 231 2592 deaeque
251 2515 395 2590 perdant,
421 2531 550 2589 quorum
571 2515 691 2576 luxuria
711 2523 771 2575 tarn
786 2514 929 2576 invidiosi
943 2510 1064 2588 imperii

88 2596 168 2661 lines
183 2599 382 2659 transcendit.
414 2598 499 2659 Ultra
512 2598 625 2664 Phasin
641 2599 711 2673 capi
722 2601 842 2670 volunt,
870 2598 954 2674 quod
968 2595 1091 2661 ambi-3

89 2680 201 2743 lineam
221 2683 366 2756 popinam
386 2682 529 2754 instruat,
550 2698 607 2741 nec
630 2681 891 2757 pigetaParthis,
917 2681 1062 2758 aquibus

87 2765 226 2839 mudum
242 2780 360 2839 poenas
375 2765 566 2841 repetiimus,
581 2781 655 2827 aves
670 2773 783 2840 petere.
806 2767 943 2840 undique
956 2769 1061 2839 [rams-

87 2850 162 2921 dno
184 2855 329 2924 quaeque]
356 2849 529 2909 convehunt
552 2850 655 2908 omnia
678 2855 750 2911 nota
775 2847 938 2908 fastidienti
960 2849 1061 2920 gulae.

90 2932 178 3007 (prod¹
190 2932 360 2993 dissolutus
376 2931 492 2993 deliciis
509 2928 684 2992 stomachus
698 2930 750 2991 vix
764 2929 915 3003 admittat,
936 2931 980 2990 ab.
993 2931 1061 2991 uili-

90 3028 139 3079 mo
152 3022 293 3091 portatur
309 3014 441 3075 Oceano.
466 3024 593 3077 vomunt
606 3023 639 3075 ut
653 3017 759 3088 edant,
773 3015 868 3082 edunt
881 3020 914 3073 ut
928 3018 1060 3084 vomant,

90 3104 120 3158 ct
138 3099 263 3175 epulas,
291 3115 368 3173 quas
390 3105 452 3159 toto
476 3099 550 3160 orbe
571 3098 768 3174 conquirunt,
794 3112 851 3157 nec
866 3110 1061 3170 concoquere

89 3179 261 3259 donantur.
283 3182 346 3243 Ista
361 3183 387 3241 si
402 3183 471 3258 quis
483 3183 621 3256 despicit,
638 3183 711 3255 quid
722 3182 763 3240 illi
776 3187 942 3256 paupertas
953 3185 1061 3243 nocete

89 3264 116 3325 si
129 3264 201 3343 quis
217 3264 422 3341 concupiscit,
437 3265 481 3325 illi
495 3273 662 3341 paupertas
679 3264 769 3325 etiam
786 3265 921 3340 prodest.
948 3264 1060 3322 invitus

89 3345 167 3411 enim
187 3355 314 3409 sanatur
337 3356 381 3422 et,
407 3349 433 3408 si
453 3349 590 3410 remedia
604 3365 643 3408 ne
657 3358 782 3409 coactus
798 3348 920 3422 quidem
935 3345 1059 3418 recepit,

88 3430 206 3495 interim
222 3439 306 3493 certe
321 3433 393 3492 dum
407 3449 468 3492 non
485 3439 601 3508 potest,
617 3432 730 3492 nolenti
745 3431 851 3492 similis
863 3437 918 3490 est.
943 3428 974 3487 C.
987 3429 1088 3489 Cae-l
