<?xml version="1.0" encoding="UTF-8"?>
<!DOCTYPE html PUBLIC "-//W3C//DTD XHTML 1.0 Transitional//EN"
    "http://www.w3.org/TR/xhtml1/DTD/xhtml1-transitional.dtd">
<html xmlns="http://www.w3.org/1999/xhtml" xml:lang="en" lang="en">
 <head>
  <title>
</title>
<meta http-equiv="Content-Type" content="text/html;charset=utf-8" />
  <meta name='ocr-system' content='tesseract 3.04.00' />
  <meta name='ocr-capabilities' content='ocr_page ocr_carea ocr_par ocr_line ocrx_word'/>
</head>
<body>
  <div class='ocr_page' id='page_1' title='image "./lannaeisenecaeo03senegoog_0277.png"; bbox 0 0 2378 3856; ppageno 0'>
   <div class='ocr_carea' id='block_1_1' title="bbox 113 200 1006 267">
    <p class='ocr_par' dir='ltr' id='par_1_1' title="bbox 113 200 1006 267">
     <span class='ocr_line' id='line_1_1' title="bbox 113 200 1006 267; baseline -0.009 0"><span class='ocrx_word' id='word_1_1' title='bbox 113 204 177 267; x_wconf 79' lang='lat' dir='ltr'><strong>tob</strong></span> <span class='ocrx_word' id='word_1_2' title='bbox 218 204 250 262; x_wconf 90' lang='lat' dir='ltr'><strong>L.</strong></span> <span class='ocrx_word' id='word_1_3' title='bbox 260 203 349 262; x_wconf 78' lang='lat' dir='ltr'><strong>nult.</strong></span> <span class='ocrx_word' id='word_1_4' title='bbox 357 202 439 263; x_wconf 82' lang='lat' dir='ltr'><strong>SEN.</strong></span> <span class='ocrx_word' id='word_1_5' title='bbox 447 204 500 262; x_wconf 85' lang='grc' dir='ltr'><strong>ΑΙ)</strong></span> <span class='ocrx_word' id='word_1_6' title='bbox 512 202 627 261; x_wconf 85' lang='lat' dir='ltr'>HELV.</span> <span class='ocrx_word' id='word_1_7' title='bbox 635 202 814 263; x_wconf 68' lang='lat' dir='ltr'><strong>intrabit</strong></span> <span class='ocrx_word' id='word_1_8' title='bbox 825 200 938 263; x_wconf 83' lang='lat' dir='ltr'>CONS.</span> <span class='ocrx_word' id='word_1_9' title='bbox 960 210 1006 264; x_wconf 77' lang='lat'><strong>20.</strong></span> 
     </span>
    </p>
   </div>
   <div class='ocr_carea' id='block_1_2' title="bbox 78 352 1089 931">
    <p class='ocr_par' dir='ltr' id='par_1_2' title="bbox 112 352 1089 513">
     <span class='ocr_line' id='line_1_2' title="bbox 112 352 1089 428; baseline -0.005 -12"><span class='ocrx_word' id='word_1_10' title='bbox 112 355 245 416; x_wconf 88' lang='lat' dir='ltr'><strong>animum</strong></span> <span class='ocrx_word' id='word_1_11' title='bbox 260 370 278 413; x_wconf 88' lang='lat' dir='ltr'><strong>a</strong></span> <span class='ocrx_word' id='word_1_12' title='bbox 292 354 374 413; x_wconf 85' lang='lat' dir='ltr'><strong>luctu</strong></span> <span class='ocrx_word' id='word_1_13' title='bbox 387 353 520 427; x_wconf 82' lang='lat' dir='ltr'><strong>recipias</strong></span> <span class='ocrx_word' id='word_1_14' title='bbox 535 359 565 412; x_wconf 86' lang='lat' dir='ltr'><strong>et</strong></span> <span class='ocrx_word' id='word_1_15' title='bbox 578 352 609 412; x_wconf 89' lang='lat' dir='ltr'><strong>id</strong></span> <span class='ocrx_word' id='word_1_16' title='bbox 623 367 714 426; x_wconf 73' lang='lat' dir='ltr'><strong>agas,</strong></span> <span class='ocrx_word' id='word_1_17' title='bbox 735 367 775 411; x_wconf 84' lang='lat' dir='ltr'><strong>no</strong></span> <span class='ocrx_word' id='word_1_18' title='bbox 789 352 860 427; x_wconf 87' lang='lat' dir='ltr'><strong>quis</strong></span> <span class='ocrx_word' id='word_1_19' title='bbox 874 358 906 412; x_wconf 82' lang='lat' dir='ltr'><strong>ta</strong></span> <span class='ocrx_word' id='word_1_20' title='bbox 922 354 1011 428; x_wconf 86' lang='lat' dir='ltr'><strong>putot</strong></span> <span class='ocrx_word' id='word_1_21' title='bbox 1023 366 1089 427; x_wconf 88' lang='lat' dir='ltr'><strong>par·</strong></span> 
     </span>
     <span class='ocr_line' id='line_1_3' title="bbox 112 438 397 513; baseline -0.018 -13"><span class='ocrx_word' id='word_1_22' title='bbox 112 449 162 501; x_wconf 85' lang='lat' dir='ltr'><strong>tus</strong></span> <span class='ocrx_word' id='word_1_23' title='bbox 175 440 218 499; x_wconf 85' lang='lat' dir='ltr'><strong>tui</strong></span> <span class='ocrx_word' id='word_1_24' title='bbox 232 438 397 513; x_wconf 82' lang='lat' dir='ltr'><strong>poenituro.</strong></span> 
     </span>
    </p>

    <p class='ocr_par' dir='ltr' id='par_1_3' title="bbox 78 517 1088 931">
     <span class='ocr_line' id='line_1_4' title="bbox 78 517 1086 594; baseline -0.008 -8"><span class='ocrx_word' id='word_1_25' title='bbox 78 534 99 587; x_wconf 86' lang='lat'><strong>.1</strong></span> <span class='ocrx_word' id='word_1_26' title='bbox 173 522 236 582; x_wconf 84' lang='lat' dir='ltr'><strong>iix.</strong></span> <span class='ocrx_word' id='word_1_27' title='bbox 267 521 406 581; x_wconf 78' lang='lat' dir='ltr'><strong>cetorum</strong></span> <span class='ocrx_word' id='word_1_28' title='bbox 428 520 500 594; x_wconf 86' lang='lat' dir='ltr'><strong>quia</strong></span> <span class='ocrx_word' id='word_1_29' title='bbox 521 534 651 579; x_wconf 82' lang='lat' dir='ltr'><strong>neccsse</strong></span> <span class='ocrx_word' id='word_1_30' title='bbox 671 524 736 591; x_wconf 88' lang='lat' dir='ltr'><strong>cst,</strong></span> <span class='ocrx_word' id='word_1_31' title='bbox 762 534 833 580; x_wconf 88' lang='lat' dir='ltr'><strong>cum</strong></span> <span class='ocrx_word' id='word_1_32' title='bbox 847 517 955 581; x_wconf 85' lang='lat' dir='ltr'><strong>omnia</strong></span> <span class='ocrx_word' id='word_1_33' title='bbox 969 518 1086 591; x_wconf 84' lang='lat' dir='ltr'><strong>iccoris,</strong></span> 
     </span>
     <span class='ocr_line' id='line_1_5' title="bbox 113 602 1088 681; baseline -0.003 -15"><span class='ocrx_word' id='word_1_34' title='bbox 113 606 312 681; x_wconf 76' lang='lat' dir='ltr'><strong>cogitationes</strong></span> <span class='ocrx_word' id='word_1_35' title='bbox 337 613 437 665; x_wconf 87' lang='lat' dir='ltr'><strong>tumen</strong></span> <span class='ocrx_word' id='word_1_36' title='bbox 460 611 531 665; x_wconf 81' lang='lat' dir='ltr'><strong>tuas</strong></span> <span class='ocrx_word' id='word_1_37' title='bbox 556 602 687 664; x_wconf 80' lang='lat' dir='ltr'>subinde</span> <span class='ocrx_word' id='word_1_38' title='bbox 712 603 752 663; x_wconf 89' lang='lat' dir='ltr'><strong>ad</strong></span> <span class='ocrx_word' id='word_1_39' title='bbox 776 617 826 663; x_wconf 86' lang='lat' dir='ltr'><strong>mo</strong></span> <span class='ocrx_word' id='word_1_40' title='bbox 849 616 1016 663; x_wconf 76' lang='lat' dir='ltr'><strong>recurrero</strong></span> <span class='ocrx_word' id='word_1_41' title='bbox 1035 618 1088 663; x_wconf 88' lang='lat' dir='ltr'><strong>noc</strong></span> 
     </span>
     <span class='ocr_line' id='line_1_6' title="bbox 113 684 1087 765; baseline -0.003 -16"><span class='ocrx_word' id='word_1_42' title='bbox 113 704 297 765; x_wconf 80' lang='lat' dir='ltr'><strong>quemquam</strong></span> <span class='ocrx_word' id='word_1_43' title='bbox 312 706 393 749; x_wconf 92' lang='lat' dir='ltr'><strong>nunc</strong></span> <span class='ocrx_word' id='word_1_44' title='bbox 406 703 446 748; x_wconf 88' lang='lat' dir='ltr'><strong>ax</strong></span> <span class='ocrx_word' id='word_1_45' title='bbox 461 687 565 748; x_wconf 89' lang='lat' dir='ltr'><strong>iibcris</strong></span> <span class='ocrx_word' id='word_1_46' title='bbox 578 685 640 748; x_wconf 86' lang='lat' dir='ltr'><strong>tuis</strong></span> <span class='ocrx_word' id='word_1_47' title='bbox 653 686 843 761; x_wconf 74' lang='lat' dir='ltr'><strong>frequentius</strong></span> <span class='ocrx_word' id='word_1_48' title='bbox 853 684 910 747; x_wconf 86' lang='lat' dir='ltr'><strong>tibi</strong></span> <span class='ocrx_word' id='word_1_49' title='bbox 921 686 1087 759; x_wconf 77' lang='lat' dir='ltr'><strong>obversari,</strong></span> 
     </span>
     <span class='ocr_line' id='line_1_7' title="bbox 112 769 1087 849; baseline -0.001 -18"><span class='ocrx_word' id='word_1_50' title='bbox 112 789 174 834; x_wconf 91' lang='lat' dir='ltr'><strong>non</strong></span> <span class='ocrx_word' id='word_1_51' title='bbox 191 774 262 849; x_wconf 87' lang='lat' dir='ltr'><strong>quia</strong></span> <span class='ocrx_word' id='word_1_52' title='bbox 277 773 320 833; x_wconf 92' lang='lat' dir='ltr'><strong>iili</strong></span> <span class='ocrx_word' id='word_1_53' title='bbox 334 774 434 833; x_wconf 90' lang='lat' dir='ltr'><strong>minus</strong></span> <span class='ocrx_word' id='word_1_54' title='bbox 449 770 513 831; x_wconf 82' lang='lat' dir='ltr'><strong>cari</strong></span> <span class='ocrx_word' id='word_1_55' title='bbox 525 772 595 845; x_wconf 70' lang='lat' dir='ltr'><strong>sint,</strong></span> <span class='ocrx_word' id='word_1_56' title='bbox 607 771 664 831; x_wconf 83' lang='lat' dir='ltr'><strong>scd</strong></span> <span class='ocrx_word' id='word_1_57' title='bbox 676 770 748 845; x_wconf 90' lang='lat' dir='ltr'><strong>quia</strong></span> <span class='ocrx_word' id='word_1_58' title='bbox 758 769 897 833; x_wconf 78' lang='lat' dir='ltr'><strong>naturaie</strong></span> <span class='ocrx_word' id='word_1_59' title='bbox 908 776 1087 831; x_wconf 83' lang='lat' dir='ltr'><strong>asimauum</strong></span> 
     </span>
     <span class='ocr_line' id='line_1_8' title="bbox 113 853 1086 931; baseline -0.004 -15"><span class='ocrx_word' id='word_1_60' title='bbox 113 858 239 931; x_wconf 85' lang='lat' dir='ltr'><strong>saepius</strong></span> <span class='ocrx_word' id='word_1_61' title='bbox 253 858 292 917; x_wconf 85' lang='lat' dir='ltr'><strong>ad</strong></span> <span class='ocrx_word' id='word_1_62' title='bbox 307 856 338 916; x_wconf 84' lang='lat' dir='ltr'><strong>id</strong></span> <span class='ocrx_word' id='word_1_63' title='bbox 354 856 483 929; x_wconf 79' lang='lat' dir='ltr'><strong>referre,</strong></span> <span class='ocrx_word' id='word_1_64' title='bbox 506 855 591 928; x_wconf 88' lang='lat' dir='ltr'><strong>quod</strong></span> <span class='ocrx_word' id='word_1_65' title='bbox 605 855 721 928; x_wconf 85' lang='lat' dir='ltr'><strong>dolcat,</strong></span> <span class='ocrx_word' id='word_1_66' title='bbox 743 853 898 930; x_wconf 81' lang='lat' dir='ltr'><strong>quoiam</strong></span> <span class='ocrx_word' id='word_1_67' title='bbox 910 869 968 915; x_wconf 85' lang='lat' dir='ltr'><strong>mo</strong></span> <span class='ocrx_word' id='word_1_68' title='bbox 984 854 1086 929; x_wconf 80' lang='lat' dir='ltr'><strong>cogi·</strong></span> 
     </span>
    </p>
   </div>
   <div class='ocr_carea' id='block_1_3' title="bbox 84 936 1087 2097">
    <p class='ocr_par' dir='ltr' id='par_1_4' title="bbox 112 936 1087 1266">
     <span class='ocr_line' id='line_1_9' title="bbox 112 936 1087 1013; baseline -0.001 -15"><span class='ocrx_word' id='word_1_69' title='bbox 112 948 167 1000; x_wconf 86' lang='lat' dir='ltr'><strong>tos</strong></span> <span class='ocrx_word' id='word_1_70' title='bbox 184 940 268 999; x_wconf 86' lang='lat' dir='ltr'><strong>acci</strong></span> <span class='ocrx_word' id='word_1_71' title='bbox 277 955 338 1013; x_wconf 71' lang='lat' dir='ltr'><strong>paz</strong></span> <span class='ocrx_word' id='word_1_72' title='bbox 353 942 464 999; x_wconf 79' lang='lat' dir='ltr'><strong>iactam</strong></span> <span class='ocrx_word' id='word_1_73' title='bbox 479 945 510 998; x_wconf 82' lang='lat' dir='ltr'><strong>et</strong></span> <span class='ocrx_word' id='word_1_74' title='bbox 522 939 654 998; x_wconf 80' lang='lat' dir='ltr'><strong>alacrem</strong></span> <span class='ocrx_word' id='word_1_75' title='bbox 665 938 748 998; x_wconf 83' lang='lat' dir='ltr'><strong>volut</strong></span> <span class='ocrx_word' id='word_1_76' title='bbox 759 937 884 1013; x_wconf 83' lang='lat' dir='ltr'><strong>optimis</strong></span> <span class='ocrx_word' id='word_1_77' title='bbox 893 936 1005 1001; x_wconf 83' lang='lat' dir='ltr'><strong>robus.</strong></span> <span class='ocrx_word' id='word_1_78' title='bbox 1022 944 1087 999; x_wconf 87' lang='lat' dir='ltr'><strong>sunt</strong></span> 
     </span>
     <span class='ocr_line' id='line_1_10' title="bbox 112 1020 1086 1098; baseline 0.001 -16"><span class='ocrx_word' id='word_1_79' title='bbox 112 1022 192 1082; x_wconf 86' lang='lat' dir='ltr'><strong>enim</strong></span> <span class='ocrx_word' id='word_1_80' title='bbox 213 1022 360 1097; x_wconf 81' lang='lat' dir='ltr'><strong>optimae,</strong></span> <span class='ocrx_word' id='word_1_81' title='bbox 389 1020 531 1097; x_wconf 89' lang='lat' dir='ltr'><strong>quoniam</strong></span> <span class='ocrx_word' id='word_1_82' title='bbox 553 1022 672 1081; x_wconf 86' lang='lat' dir='ltr'><strong>animus</strong></span> <span class='ocrx_word' id='word_1_83' title='bbox 691 1022 791 1081; x_wconf 89' lang='lat' dir='ltr'><strong>omnis</strong></span> <span class='ocrx_word' id='word_1_84' title='bbox 805 1021 1026 1098; x_wconf 76' lang='lat' dir='ltr'><strong>occupationis</strong></span> <span class='ocrx_word' id='word_1_85' title='bbox 1039 1038 1086 1083; x_wconf 87' lang='lat' dir='ltr'><strong>ax·</strong></span> 
     </span>
     <span class='ocr_line' id='line_1_11' title="bbox 113 1104 1085 1180; baseline 0.002 -15"><span class='ocrx_word' id='word_1_86' title='bbox 113 1119 184 1179; x_wconf 78' lang='lat' dir='ltr'><strong>pars</strong></span> <span class='ocrx_word' id='word_1_87' title='bbox 206 1104 352 1180; x_wconf 84' lang='lat' dir='ltr'><strong>oporibus</strong></span> <span class='ocrx_word' id='word_1_88' title='bbox 375 1105 441 1166; x_wconf 89' lang='lat' dir='ltr'><strong>suis</strong></span> <span class='ocrx_word' id='word_1_89' title='bbox 460 1112 551 1165; x_wconf 86' lang='lat' dir='ltr'><strong>vacat</strong></span> <span class='ocrx_word' id='word_1_90' title='bbox 570 1113 601 1165; x_wconf 84' lang='lat' dir='ltr'><strong>et</strong></span> <span class='ocrx_word' id='word_1_91' title='bbox 621 1105 713 1165; x_wconf 90' lang='lat' dir='ltr'><strong>modo</strong></span> <span class='ocrx_word' id='word_1_92' title='bbox 737 1120 773 1166; x_wconf 87' lang='lat' dir='ltr'><strong>sa</strong></span> <span class='ocrx_word' id='word_1_93' title='bbox 793 1104 965 1167; x_wconf 76' lang='lat' dir='ltr'><strong>levioribus</strong></span> <span class='ocrx_word' id='word_1_94' title='bbox 982 1105 1085 1167; x_wconf 80' lang='lat' dir='ltr'><strong>studiis</strong></span> 
     </span>
     <span class='ocr_line' id='line_1_12' title="bbox 112 1187 1084 1266; baseline 0.001 -19"><span class='ocrx_word' id='word_1_95' title='bbox 112 1187 258 1263; x_wconf 76' lang='lat' dir='ltr'><strong>obiectat,</strong></span> <span class='ocrx_word' id='word_1_96' title='bbox 279 1190 372 1251; x_wconf 87' lang='lat' dir='ltr'><strong>modo</strong></span> <span class='ocrx_word' id='word_1_97' title='bbox 390 1189 429 1248; x_wconf 88' lang='lat' dir='ltr'><strong>od</strong></span> <span class='ocrx_word' id='word_1_98' title='bbox 445 1188 701 1249; x_wconf 77' lang='lat' dir='ltr'><strong>considerandam</strong></span> <span class='ocrx_word' id='word_1_99' title='bbox 717 1204 805 1248; x_wconf 85' lang='lat' dir='ltr'><strong>suam</strong></span> <span class='ocrx_word' id='word_1_100' title='bbox 818 1187 1027 1266; x_wconf 78' lang='lat' dir='ltr'><strong>universique</strong></span> <span class='ocrx_word' id='word_1_101' title='bbox 1039 1204 1084 1249; x_wconf 86' lang='lat' dir='ltr'><strong>uu·</strong></span> 
     </span>
    </p>

    <p class='ocr_par' dir='ltr' id='par_1_5' title="bbox 84 1272 1086 2097">
     <span class='ocr_line' id='line_1_13' title="bbox 84 1272 1084 1349; baseline -0.002 -14"><span class='ocrx_word' id='word_1_102' title='bbox 84 1281 209 1335; x_wconf 76' lang='lat' dir='ltr'><strong>tiuram</strong></span> <span class='ocrx_word' id='word_1_103' title='bbox 230 1275 295 1335; x_wconf 86' lang='lat' dir='ltr'><strong>vari</strong></span> <span class='ocrx_word' id='word_1_104' title='bbox 316 1274 426 1334; x_wconf 73' lang='lat' dir='ltr'><strong>aridus</strong></span> <span class='ocrx_word' id='word_1_105' title='bbox 447 1272 591 1349; x_wconf 72' lang='lat' dir='ltr'><strong>insurgite</strong></span> <span class='ocrx_word' id='word_1_106' title='bbox 612 1280 709 1333; x_wconf 82' lang='lat' dir='ltr'><strong>terras</strong></span> <span class='ocrx_word' id='word_1_107' title='bbox 725 1272 855 1348; x_wconf 90' lang='lat' dir='ltr'><strong>primum</strong></span> <span class='ocrx_word' id='word_1_108' title='bbox 869 1272 1084 1349; x_wconf 86' lang='lat' dir='ltr'><strong>situmquoca·</strong></span> 
     </span>
     <span class='ocr_line' id='line_1_14' title="bbox 113 1355 1082 1433; baseline 0.001 -16"><span class='ocrx_word' id='word_1_109' title='bbox 113 1374 178 1419; x_wconf 83' lang='lat' dir='ltr'><strong>runr</strong></span> <span class='ocrx_word' id='word_1_110' title='bbox 201 1359 328 1433; x_wconf 82' lang='lat' dir='ltr'><strong>quaerit.</strong></span> <span class='ocrx_word' id='word_1_111' title='bbox 359 1357 471 1417; x_wconf 83' lang='lat' dir='ltr'><strong>deindo</strong></span> <span class='ocrx_word' id='word_1_112' title='bbox 491 1355 703 1417; x_wconf 84' lang='lat' dir='ltr'><strong>condicionem</strong></span> <span class='ocrx_word' id='word_1_113' title='bbox 718 1356 895 1418; x_wconf 74' lang='lat' dir='ltr'><strong>circumfusi</strong></span> <span class='ocrx_word' id='word_1_114' title='bbox 911 1357 1009 1418; x_wconf 82' lang='lat' dir='ltr'><strong>maris</strong></span> <span class='ocrx_word' id='word_1_115' title='bbox 1025 1372 1082 1418; x_wconf 86' lang='lat' dir='ltr'><strong>cur·</strong></span> 
     </span>
     <span class='ocr_line' id='line_1_15' title="bbox 113 1440 1084 1516; baseline -0.001 -16"><span class='ocrx_word' id='word_1_116' title='bbox 113 1457 230 1516; x_wconf 87' lang='lat' dir='ltr'><strong>susque</strong></span> <span class='ocrx_word' id='word_1_117' title='bbox 245 1442 310 1501; x_wconf 86' lang='lat' dir='ltr'><strong>eius</strong></span> <span class='ocrx_word' id='word_1_118' title='bbox 326 1442 459 1501; x_wconf 85' lang='lat' dir='ltr'><strong>aitarnos</strong></span> <span class='ocrx_word' id='word_1_119' title='bbox 472 1448 502 1502; x_wconf 83' lang='lat' dir='ltr'><strong>et</strong></span> <span class='ocrx_word' id='word_1_120' title='bbox 512 1456 665 1501; x_wconf 82' lang='lat' dir='ltr'><strong>recursus.</strong></span> <span class='ocrx_word' id='word_1_121' title='bbox 685 1448 758 1501; x_wconf 87' lang='lat' dir='ltr'><strong>tunc</strong></span> <span class='ocrx_word' id='word_1_122' title='bbox 769 1440 1012 1516; x_wconf 83' lang='lat' dir='ltr'><strong>quioquiuiitar</strong></span> <span class='ocrx_word' id='word_1_123' title='bbox 1021 1456 1084 1502; x_wconf 79' lang='lat' dir='ltr'><strong>coo</strong></span> 
     </span>
     <span class='ocr_line' id='line_1_16' title="bbox 112 1522 1086 1603; baseline 0.002 -22"><span class='ocrx_word' id='word_1_124' title='bbox 112 1524 172 1582; x_wconf 90' lang='lat' dir='ltr'><strong>ium</strong></span> <span class='ocrx_word' id='word_1_125' title='bbox 194 1533 354 1600; x_wconf 81' lang='lat' dir='ltr'><strong>terrasque</strong></span> <span class='ocrx_word' id='word_1_126' title='bbox 376 1524 498 1600; x_wconf 87' lang='lat' dir='ltr'><strong>pianum</strong></span> <span class='ocrx_word' id='word_1_127' title='bbox 519 1524 688 1585; x_wconf 80' lang='lat' dir='ltr'><strong>formidinis</strong></span> <span class='ocrx_word' id='word_1_128' title='bbox 711 1522 870 1586; x_wconf 82' lang='lat' dir='ltr'><strong>interiacet</strong></span> <span class='ocrx_word' id='word_1_129' title='bbox 891 1525 1044 1603; x_wconf 79' lang='lat' dir='ltr'><strong>perspicit</strong></span> <span class='ocrx_word' id='word_1_130' title='bbox 1059 1528 1086 1584; x_wconf 86' lang='lat' dir='ltr'><strong>ot</strong></span> 
     </span>
     <span class='ocr_line' id='line_1_17' title="bbox 110 1606 1084 1683; baseline 0.004 -18"><span class='ocrx_word' id='word_1_131' title='bbox 110 1606 172 1668; x_wconf 89' lang='lat' dir='ltr'><strong>boc</strong></span> <span class='ocrx_word' id='word_1_132' title='bbox 183 1607 352 1682; x_wconf 85' lang='lat' dir='ltr'><strong>tonitribus,</strong></span> <span class='ocrx_word' id='word_1_133' title='bbox 365 1606 550 1683; x_wconf 89' lang='lat' dir='ltr'><strong>iuiminibus,</strong></span> <span class='ocrx_word' id='word_1_134' title='bbox 563 1616 724 1670; x_wconf 82' lang='lat' dir='ltr'><strong>ventorum</strong></span> <span class='ocrx_word' id='word_1_135' title='bbox 735 1606 858 1670; x_wconf 86' lang='lat' dir='ltr'><strong>iiatibus</strong></span> <span class='ocrx_word' id='word_1_136' title='bbox 869 1623 909 1669; x_wconf 87' lang='lat' dir='ltr'><strong>ac</strong></span> <span class='ocrx_word' id='word_1_137' title='bbox 917 1609 1084 1669; x_wconf 87' lang='lat' dir='ltr'><strong>nimborum</strong></span> 
     </span>
     <span class='ocr_line' id='line_1_18' title="bbox 112 1691 1083 1768; baseline 0.002 -18"><span class='ocrx_word' id='word_1_138' title='bbox 112 1691 255 1767; x_wconf 85' lang='lat' dir='ltr'><strong>nivisque</strong></span> <span class='ocrx_word' id='word_1_139' title='bbox 274 1699 304 1753; x_wconf 83' lang='lat' dir='ltr'><strong>ct</strong></span> <span class='ocrx_word' id='word_1_140' title='bbox 325 1692 481 1766; x_wconf 81' lang='lat' dir='ltr'><strong>grandinis</strong></span> <span class='ocrx_word' id='word_1_141' title='bbox 506 1693 587 1753; x_wconf 87' lang='lat' dir='ltr'><strong>iaciu</strong></span> <span class='ocrx_word' id='word_1_142' title='bbox 607 1693 825 1753; x_wconf 82' lang='lat' dir='ltr'><strong>tumultuosum</strong></span> <span class='ocrx_word' id='word_1_143' title='bbox 845 1694 993 1768; x_wconf 87' lang='lat' dir='ltr'><strong>spatium.</strong></span> <span class='ocrx_word' id='word_1_144' title='bbox 1028 1699 1083 1752; x_wconf 89' lang='lat' dir='ltr'><strong>tum</strong></span> 
     </span>
     <span class='ocr_line' id='line_1_19' title="bbox 113 1774 1084 1853; baseline 0.003 -19"><span class='ocrx_word' id='word_1_145' title='bbox 113 1777 282 1849; x_wconf 81' lang='lat' dir='ltr'><strong>peragratis</strong></span> <span class='ocrx_word' id='word_1_146' title='bbox 297 1775 508 1837; x_wconf 83' lang='lat' dir='ltr'><strong>humilioribus</strong></span> <span class='ocrx_word' id='word_1_147' title='bbox 524 1775 563 1836; x_wconf 87' lang='lat' dir='ltr'><strong>ad</strong></span> <span class='ocrx_word' id='word_1_148' title='bbox 583 1791 701 1836; x_wconf 88' lang='lat' dir='ltr'><strong>summa</strong></span> <span class='ocrx_word' id='word_1_149' title='bbox 715 1776 888 1852; x_wconf 89' lang='lat' dir='ltr'><strong>prorumpit</strong></span> <span class='ocrx_word' id='word_1_150' title='bbox 902 1782 935 1837; x_wconf 88' lang='lat' dir='ltr'><strong>ot</strong></span> <span class='ocrx_word' id='word_1_151' title='bbox 948 1774 1084 1853; x_wconf 86' lang='lat' dir='ltr'><strong>pulcbor·</strong></span> 
     </span>
     <span class='ocr_line' id='line_1_20' title="bbox 111 1857 1083 1934; baseline 0.002 -19"><span class='ocrx_word' id='word_1_152' title='bbox 111 1858 188 1915; x_wconf 91' lang='lat' dir='ltr'><strong>rimo</strong></span> <span class='ocrx_word' id='word_1_153' title='bbox 203 1857 375 1919; x_wconf 89' lang='lat' dir='ltr'><strong>divinorum</strong></span> <span class='ocrx_word' id='word_1_154' title='bbox 387 1859 564 1934; x_wconf 81' lang='lat' dir='ltr'><strong>spectaculo</strong></span> <span class='ocrx_word' id='word_1_155' title='bbox 580 1860 696 1921; x_wconf 82' lang='lat' dir='ltr'><strong>inuitur.</strong></span> <span class='ocrx_word' id='word_1_156' title='bbox 725 1859 924 1923; x_wconf 81' lang='lat' dir='ltr'><strong>Actarnitatis</strong></span> <span class='ocrx_word' id='word_1_157' title='bbox 939 1876 1019 1922; x_wconf 85' lang='lat' dir='ltr'><strong>suaa</strong></span> <span class='ocrx_word' id='word_1_158' title='bbox 1028 1874 1083 1919; x_wconf 90' lang='lat' dir='ltr'><strong>mc·</strong></span> 
     </span>
     <span class='ocr_line' id='line_1_21' title="bbox 112 1941 1084 2082; baseline 0.003 -83"><span class='ocrx_word' id='word_1_159' title='bbox 112 1956 178 2000; x_wconf 92' lang='lat' dir='ltr'><strong>mor</strong></span> <span class='ocrx_word' id='word_1_160' title='bbox 189 1941 223 2082; x_wconf 80' lang='lat' dir='ltr'><strong>lin</strong></span> <span class='ocrx_word' id='word_1_161' title='bbox 243 1955 347 2013; x_wconf 81' lang='lat' dir='ltr'><strong>omno,</strong></span> <span class='ocrx_word' id='word_1_162' title='bbox 371 1942 454 2017; x_wconf 86' lang='lat' dir='ltr'><strong>quod</strong></span> <span class='ocrx_word' id='word_1_163' title='bbox 469 1941 525 2003; x_wconf 85' lang='lat' dir='ltr'><strong>init</strong></span> <span class='ocrx_word' id='word_1_164' title='bbox 539 1943 735 2019; x_wconf 80' lang='lat' dir='ltr'><strong>futurumque</strong></span> <span class='ocrx_word' id='word_1_165' title='bbox 748 1950 811 2016; x_wconf 88' lang='lat' dir='ltr'><strong>cst,</strong></span> <span class='ocrx_word' id='word_1_166' title='bbox 833 1944 922 2004; x_wconf 88' lang='lat' dir='ltr'><strong>vadit</strong></span> <span class='ocrx_word' id='word_1_167' title='bbox 936 1942 1084 2018; x_wconf 88' lang='lat' dir='ltr'><strong>[omnibus</strong></span> 
     </span>
     <span class='ocr_line' id='line_1_22' title="bbox 112 2024 395 2097; baseline 0.007 -14"><span class='ocrx_word' id='word_1_168' title='bbox 112 2024 248 2097; x_wconf 77' lang='lat' dir='ltr'><strong>secuisl.</strong></span> <span class='ocrx_word' id='word_1_169' title='bbox 392 2046 395 2051; x_wconf 93' lang='lat'>·</span> 
     </span>
    </p>
   </div>
   <div class='ocr_carea' id='block_1_4' title="bbox 0 0 1194 3856">
    <p class='ocr_par' dir='ltr' id='par_1_6' title="bbox 0 0 1194 3856">
     <span class='ocr_line' id='line_1_23' title="bbox 0 0 1194 3856; baseline 0 3"><span class='ocrx_word' id='word_1_170' title='bbox 0 0 1194 3856; x_wconf 95' lang='lat' dir='ltr'><strong> </strong></span> 
     </span>
    </p>
   </div>
  </div>
 </body>
</html>
