2378 3856
232 193 282 252 mo
305 192 523 253 cromnam
547 192 620 252 me.
632 194 653 250 1.
676 202 703 254 e.
718 202 744 255 o.
791 235 792 238 κ
904 194 966 275 aaa

68 348 176 404 usitata
194 343 327 402 remedia
351 358 408 402 non
427 342 612 417 procedunt,
636 349 779 418 amplam
801 349 964 406 conaarla.

68 431 159 488 ritate
176 426 251 485 nllll
261 426 362 486 adnue
368 425 543 500 profecisti:
562 424 764 486 Saluidienum
775 427 906 504 Mallus
917 446 963 489 se·

68 517 146 584 sest,
167 509 311 584 Mallum
325 509 489 581 Muraena,
509 508 690 568 Muraenam
703 509 963 590 danaim-Caenea

75 595 234 668 Eunutlus,
258 598 291 652 ut
309 595 383 652 allos
397 598 526 664 taceam,
551 607 623 665 qnos
636 597 749 652 tantum
759 609 848 656 ausos
859 595 963 670 palen

68 695 85 739 c
108 682 229 750 tempta,
251 675 393 750 quamodo
417 675 470 734 tibi
489 675 578 734 aedat
598 677 761 753 clementia.
790 679 907 751 lanosae
929 679 964 753 L.
1021 721 1023 726 ·

68 777 119 820 rae.
143 760 341 833 deprenensus
356 764 408 818 est.
433 760 493 818 iam
504 773 609 818 nocere
625 760 677 819 tili
694 775 753 819 non
764 767 871 836 polest,
883 778 964 837 nro-

68 863 82 904 e
100 844 205 916 famae
219 849 287 902 luae
297 847 398 917 penu.
435 841 566 902 Gavisus
585 841 657 915 sibi,
684 843 767 918 quod
782 843 991 910 advocatumr

69 934 167 1000 norat,
196 926 286 985 uxori
308 925 433 1000 quidem
452 926 564 999 gratias
585 926 659 1000 egit,
680 927 844 989 renuntiari
865 935 965 989 autem

69 1010 152 1084 mplo
167 1008 286 1082 amiciS,
303 1025 382 1083 quos
397 1007 602 1078 inconsilium
617 1018 792 1085 rogaverat,
806 1011 966 1085 imperavit

68 1092 168 1152 innam
190 1107 284 1151 unum
303 1092 344 1151 ad
364 1107 398 1150 se
418 1092 549 1152 accersit
568 1092 766 1168 dimissisque
787 1095 966 1155 omnibase

69 1179 153 1250 culo,
176 1192 246 1235 cum
260 1177 384 1235 alteram
404 1175 518 1234 Cinnae
531 1175 604 1249 poni
619 1176 792 1236 cathedram
814 1178 965 1252 iussisset,

91 1260 203 1335 inquit,
216 1261 350 1335 primum
362 1275 382 1318 a
394 1265 422 1318 te
429 1264 521 1333 μείω
530 1275 568 1317 ne
583 1274 629 1318 me
642 1261 805 1333 loquentem
820 1264 969 1336 interpel-'

77 1361 115 1404 ne
137 1345 233 1403 medlo
257 1358 389 1403 sermone
412 1358 475 1402 mea
493 1343 672 1416 proclames.
705 1344 826 1403 labitur
847 1345 901 1403 lili
917 1348 966 1404 lo-

68 1429 109 1487 adl
121 1428 245 1487 liberum
263 1432 384 1501 amaus.
411 1426 476 1501 an
496 1430 537 1497 le,
560 1426 669 1498 Cinna,
695 1442 762 1487 cum
783 1425 819 1486 'ln
842 1427 994 1502 nostiumg
1055 1476 1060 1495 .,

68 1512 104 1570 ris
117 1513 303 1583 invenissem,
328 1525 387 1570 non
396 1510 513 1582 factum
528 1514 640 1568 lantum
653 1510 726 1570 mill
735 1512 899 1581 inimicum,
913 1511 968 1571 sed

68 1609 112 1667 m,
139 1596 270 1666 sanavi,
284 1595 496 1668 patrimonium
521 1593 574 1652 llll
594 1607 678 1653 omne
701 1597 840 1654 concessi.
870 1595 967 1655 Hodie

68 1678 149 1750 fella
162 1696 194 1738 es
205 1683 235 1738 el
244 1682 304 1736 tam
318 1678 411 1750 alloes,
425 1682 459 1735 ut
470 1678 544 1735 ua'clo
553 1678 677 1736 uictores
686 1677 846 1737 invideant.
860 1693 967 1739 sacer-

68 1776 107 1820 rm
121 1762 173 1821 llll
180 1763 294 1836 pelenti
303 1762 474 1835 praeteritis
489 1760 692 1834 conpluribus,
714 1776 839 1834 quorum
844 1777 967 1838 paren-

68 1860 169 1904 necum
193 1846 405 1917 militauerant,
427 1843 514 1904 dedi:
535 1859 602 1904 cum
622 1847 666 1904 sic
690 1846 728 1904 dc
753 1849 781 1904 le
801 1847 966 1916 manerem,

68 1929 132 1987 lere
145 1944 190 1987 me
203 1929 384 1988 constituisti.
406 1926 480 1986 Cum
494 1927 534 1986 ad
548 1927 626 1987 hano
641 1942 749 1987 vocem
764 1929 996 1999 exclamasset9

68 2012 106 2070 :ul
126 2011 205 2069 hano
226 2010 264 2069 ab
280 2026 314 2070 se
330 2011 442 2071 abesse
462 2011 657 2071 dementiam:
685 2018 909 2086 nonmusios,
923 2011 967 2069 in-

70 2095 206 2167 ‚naeu
233 2095 337 2153 Cinna.
366 2100 553 2166 conuenerat,
576 2112 613 2153 ne
630 2098 877 2168 interloquereris.
908 2093 967 2153 Oc-

68 2194 111 2249 re,
127 2181 261 2252 inquam,
283 2193 329 2237 me
340 2193 444 2252 paras.
475 2175 597 2234 Adiecit
611 2177 725 2248 locum,
742 2176 861 2250 sociam
877 2174 967 2250 diem,

68 2277 137 2320 nem
163 2259 356 2335 insidiarum,
385 2261 433 2319 cui
458 2260 653 2319 commissum
677 2267 761 2319 esset
784 2260 905 2320 ferrum.
939 2268 969 2318 et

83 2345 217 2404 defixum
232 2344 350 2403 videret
370 2358 427 2402 nec
452 2359 492 2401 ex
517 2344 719 2402 conventione
741 2344 816 2416 iam,
846 2344 903 2403 scd
928 2360 968 2402 ex

68 2425 190 2488 scientia
203 2434 368 2487 tacentem:
398 2427 473 2499 Qua,
494 2425 603 2499 inquit,
631 2427 686 2487 noc
699 2429 797 2486 aalma
808 2423 913 2499 facis?
938 2432 1010 2490 ulla

84 2515 125 2571 sis
144 2509 309 2587 princeps?
337 2513 414 2570 male
432 2511 598 2574 mehercule
620 2513 814 2586 campanula
835 2510 969 2572 Romano

68 2612 114 2667 ur,
143 2597 170 2654 sl
193 2596 245 2653 till
266 2595 309 2652 ad
329 2593 535 2668 imperandum
558 2593 632 2654 nihil
650 2599 776 2670 praeter
800 2611 845 2655 me
867 2595 968 2655 obstat.

68 2695 122 2738 rum
132 2684 213 2738 tuum
233 2681 310 2738 tueri
322 2693 380 2736 non
390 2683 483 2751 poles.
508 2694 605 2752 nuper
615 2676 746 2739 libertini
753 2680 878 2739 nominis
888 2696 968 2752 ara-

68 2765 216 2835 npru'ualo
229 2763 339 2820 lucllcr‘o
352 2769 566 2835 superatores:
591 2763 667 2822 adeo
686 2764 761 2821 relnil
767 2763 894 2832 facilius
904 2779 968 2835 pu-

68 2859 147 2918 ruam
165 2848 270 2901 contra
285 2842 443 2901 Caesarem
462 2841 632 2902 advocare?
662 2845 753 2913 Cedo,
775 2847 877 2917 slspes
902 2851 968 2902 luas

68 2926 232 3002 simpedlo,
256 2925 406 2983 Paulusne
423 2929 450 2984 le
465 2924 614 2984 etFallus
623 2925 777 2984 Maximus
798 2931 829 2984 el
844 2925 925 2984 Cossi
941 2937 969 2984 et

68 3014 118 3070 *llil
130 3011 233 3084 serent
250 3010 418 3082 tantumque
433 3023 538 3081 namen
558 3008 699 3067 nobilium
712 3023 770 3066 non
787 3010 891 3067 inania
911 3024 968 3067 no-

68 3111 80 3152 u
99 3094 350 3168 praeferentium,
375 3093 429 3151 secl
444 3107 558 3163 eorum,
575 3094 627 3165 aul
645 3092 821 3164 imaulnlbus
837 3095 897 3151 suls
911 3094 967 3152 cle-

82 3175 170 3237 sunt?
196 3177 240 3235 Ne
261 3182 352 3236 totam
369 3176 434 3235 eius
450 3175 618 3235 orationem
640 3175 806 3249 repetendo
828 3179 1009 3248 magnamll

70 3277 117 3320 em
132 3259 292 3320 voluminis
309 3275 505 3334 occupem-
518 3257 630 3318 diutius
646 3259 724 3317 enim
741 3274 831 3333 quam
846 3257 966 3316 duabus

70 3361 84 3402 s
104 3346 236 3403 locutum
258 3359 329 3403 csse
348 3350 467 3404 constat
487 3378 530 3390 -
551 3359 619 3403 cum
637 3343 716 3402 hanc
731 3357 877 3416 poenam,
907 3355 968 3413 qua

84 3437 149 3487 erat
164 3434 323 3488 contentus
346 3427 479 3498 futurum
504 3428 694 3486 extenderet:
719 3428 808 3500 ullam
829 3425 893 3499 llll,
916 3423 967 3487 in,-
