2378 3856
162 174 224 240 lla
349 176 382 234 L.
403 176 549 234 nannai
572 173 748 234 sentent:
770 176 872 235 [ΗΑΒ.
891 176 943 235 vt.

163 348 242 395 sona
256 331 351 406 patris
366 329 407 389 tui
421 328 572 403 gesseris,
599 343 690 402 quem
710 343 771 388 non
791 324 892 387 minus
910 342 1004 401 quam
1026 328 1145 393 liberor

163 415 304 487 dilexisti,
320 419 451 487 excepto
466 427 504 471 eo
521 410 603 486 quod
626 427 686 471 non
701 410 832 486 optabas
847 410 1065 485 superstitem=
1087 428 1144 475 neo

162 499 228 560 scio
243 513 281 556 an
297 504 328 557 et
343 495 509 570 optaveris.
538 495 682 569 permittit
700 494 779 554 enim
791 494 851 554 sibi
862 494 1016 568 quaedam
1034 502 1145 563 contra

161 583 276 643 bonum
289 594 405 640 morem
419 593 531 652 magna
546 578 653 652 pietas.
684 584 811 638 mortem
826 578 864 636 Α.
878 577 1025 639 cremutii
1041 578 1143 652 cordi,

163 665 298 740 pareatis
320 663 364 722 tui
386 669 533 738 quantum
553 669 686 736 poteras,
706 660 876 721 inhibuisti:
899 668 1070 737 postquam
1089 661 1144 735 tibi

162 747 304 822 adparuit
318 745 395 806 inter
404 745 586 806 Seianianos
598 744 743 805 satellites
755 745 835 804 illam
847 759 938 805 unam
949 752 1063 819 patere
1079 761 1142 807 eer-

163 831 266 891 vitutis
283 831 394 904 lugam,
417 845 479 888 non
498 829 598 888 lavisti
620 827 749 889 consilio
764 826 841 900 eius,
863 827 921 887 sed
941 827 1060 888 dedisti
1080 844 1141 889 ma-

163 931 221 974 nus
236 914 318 973 victa
332 912 497 986 fudistique
508 910 659 971 lacrimas.
681 913 781 987 palam
792 916 824 970 et
836 911 967 985 gemitus
982 910 1142 974 devorasti

165 996 297 1072 quidem,
313 1010 374 1055 nan
390 1002 490 1054 tomen
505 993 592 1054 hilari
607 995 707 1055 lroote
721 994 823 1055 texisti
837 1000 868 1055 et
878 993 939 1054 hoc
952 994 1006 1055 illo
1022 996 1142 1067 seculo,

131 1083 148 1136 3
165 1096 226 1155 quo
245 1093 355 1152 magna
367 1079 465 1153 pietas
481 1085 546 1137 erat
557 1076 851 1153 nihilinpielaceres
873 1084 994 1137 utvero
1005 1079 1141 1153 aliquam

164 1161 359 1223 occasionem
380 1164 503 1222 mutatio
519 1160 666 1236 temporis
682 1160 774 1233 dedit,
795 1160 949 1236 ingenium
969 1162 1071 1237 patris
1089 1162 1141 1233 tui,

165 1246 204 1306 de
219 1261 281 1321 quo
297 1254 450 1321 sumptum
467 1252 532 1306 erat
546 1245 744 1321 supplicIum,
758 1245 789 1304 in
805 1246 906 1305 visum
918 1243 1081 1307 homiuum
1093 1261 1137 1307 re

164 1329 277 1389 duxisti
298 1336 329 1389 el
342 1346 361 1389 a
375 1345 448 1388 vera
469 1331 551 1390 illurn
573 1329 735 1389 vindicasti
754 1335 851 1388 mortc
871 1343 908 1389 ac
927 1326 1093 1389 restituisti
1111 1328 1141 1387 in

165 1414 288 1487 publica
309 1421 504 1473 monumenta
521 1413 626 1486 libros,
642 1428 721 1486 quos
736 1412 782 1471 vir
796 1412 846 1471 ille
860 1409 1049 1473 fortissimus
1070 1426 1139 1473 san·

164 1497 255 1569 guine
277 1511 334 1555 suo
357 1496 532 1569 scripserat.
561 1493 681 1570 Optime
698 1494 834 1555 meruisti
852 1495 1056 1555 deRomanis
1077 1502 1139 1555 stu·

164 1579 232 1651 diis,
247 1593 357 1651 magna
372 1577 491 1638 illorum
507 1594 579 1652 pars
591 1585 717 1638 arserat.
746 1577 861 1652 optime
876 1578 916 1637 de
931 1576 1079 1652 posteris,
1101 1576 1140 1637 ad

164 1677 244 1735 quos
255 1661 356 1721 veniet
368 1661 545 1735 inoormpta
559 1676 659 1721 rerum
674 1661 752 1720 iides
764 1662 881 1722 auctori
890 1675 953 1727 suo
967 1676 1082 1736 magno
1095 1660 1138 1723 in·

165 1751 278 1820 putata.
308 1744 421 1819 optime
436 1745 475 1803 de
491 1745 569 1819 ipso,
591 1745 677 1804 cuius
699 1745 780 1819 viget
791 1744 968 1819 vigebitque
981 1742 1138 1818 memoria,

166 1827 309 1901 quamdiu
324 1828 354 1887 in
368 1827 464 1902 pretio
480 1827 878 1902 lueritRomanacognosci,
895 1829 1045 1903 quamdiu
1056 1828 1139 1905 quis-

166 1927 256 1984 quam
272 1908 336 1983 erit,
363 1910 415 1986 qui
436 1911 546 1970 reverti
567 1910 639 1971 velit
659 1911 698 1971 ad
719 1919 788 1972 acta
808 1912 965 1984 maiorum,
992 1913 1141 1988 quamdiu

165 1994 337 2068 quisquam,
356 1995 487 2068 quivelit
502 1993 591 2069 scire,
609 1994 680 2069 quid
689 1995 729 2055 sit
741 1995 788 2053 vir
797 1994 964 2068 Romanus,
984 1997 1061 2070 quid
1068 1995 1139 2057 sub·

164 2075 239 2136 actis
267 2077 326 2135 iam
347 2077 517 2137 cervicibus
544 2079 676 2139 omnium
698 2085 729 2137 et
756 2078 794 2137 ad
814 2075 1008 2138 Seianianum
1036 2078 1140 2154 iugum

163 2159 281 2219 adactis
303 2159 478 2234 indomitus,
500 2161 572 2237 quid
594 2163 634 2221 sit
652 2160 744 2221 homo
762 2159 895 2236 ingenio,
914 2160 1027 2237 animo,
1048 2178 1141 2223 manu

132 2243 248 2303 tliber.
284 2243 425 2319 Magnam
441 2244 614 2304 mehercule
629 2245 840 2304 detrimentum
855 2242 1033 2319 respublica
1049 2261 1139 2321 cepe

163 2332 217 2399 rat,
237 2328 262 2387 si
275 2327 356 2388 illum
372 2329 411 2389 ob
427 2330 504 2388 duas
518 2343 569 2386 res
586 2327 803 2402 pulcherrimas
818 2327 848 2387 in
865 2328 1052 2404 oblivionem
1067 2344 1140 2390 con·

163 2410 282 2484 leolum,
305 2413 509 2486 eloquentiam
521 2413 557 2470 'et
570 2411 747 2484 libertatem,
762 2428 823 2471 non
842 2411 993 2472 emissesz
1020 2413 1139 2488 legitur,

163 2491 260 2565 ilorci,
277 2494 306 2552 in
322 2510 430 2553 manus
446 2494 610 2568 hominum,
625 2494 655 2553 in
666 2499 792 2568 pectora
802 2502 944 2570 receptus
957 2501 1141 2557 vetustatem

163 2577 276 2634 nullam
288 2577 387 2635 timete
409 2583 439 2635 at
458 2575 577 2636 illorum
593 2577 768 2637 carnificum
790 2578 850 2638 cito
866 2580 987 2638 scelera
1001 2595 1140 2655 quoque,

130 2657 275 2732 aquibus
297 2659 371 2718 solis
391 2658 567 2718 memoriam
588 2668 771 2732 meruerunt,
792 2662 944 2722 tacebunt.
972 2662 1059 2725 Haec
1077 2678 1140 2723 ma-

162 2740 288 2815 gnitudo
303 2738 394 2801 animi
409 2742 451 2802 tui
463 2742 557 2802 vetuit
570 2758 619 2801 me
634 2743 672 2801 ad
685 2758 793 2803 sexum
806 2750 890 2805 tuum
903 2746 1072 2821 respicere,
1089 2763 1140 2807 ve-

161 2825 216 2884 tuit
230 2825 269 2883 ad
282 2826 404 2898 voltum,
421 2841 511 2900 quem
524 2833 568 2886 lot
581 2842 730 2886 annorum
742 2827 887 2888 continua
899 2829 1027 2904 tristitia,
1042 2836 1078 2890 ut
1091 2845 1140 2890 se-

161 2910 219 2967 mel
235 2909 372 2983 obduxit,
389 2917 479 2971 tenet.
508 2916 539 2969 et
553 2910 632 2981 vide,
650 2927 740 2985 quam
756 2927 817 2971 non
833 2912 998 2987 subrepam
1011 2912 1067 2973 tibi
1082 2927 1141 2973 neo

162 2994 272 3051 lurtum
294 2995 396 3053 lacere
416 2993 585 3053 adfectibus
609 2993 669 3054 tuis
691 2995 835 3069 cogitem
859 2995 984 3070 antiqua
1005 2997 1140 3057 malain

160 3077 336 3134 memoriam
352 3076 471 3150 reduxi,
492 3083 523 3136 et
535 3078 583 3136 vis
598 3078 678 3137 scire
692 3078 771 3138 hanc
787 3094 912 3154 quoque
927 3079 1052 3154 plagam
1065 3094 1140 3141 esse

161 3158 350 3216 sanandam?
371 3159 492 3218 ostendi
506 3159 559 3217 tibi
575 3175 674 3233 aeque
691 3162 792 3236 magni
803 3160 939 3223 volneris
953 3162 1137 3224 cicatricem.

161 3239 209 3298 alii
232 3240 334 3314 itaque
354 3242 484 3300 molliter
501 3249 592 3316 agant
614 3250 644 3301 et
663 3242 865 3319 blandiantur,
888 3260 946 3320 ego
967 3243 1139 3319 confligere

161 3337 228 3382 cum
245 3331 297 3385 tuo
313 3339 453 3385 moerore
466 3326 608 3386 constitui
619 3333 649 3386 et
660 3326 804 3389 defessos
818 3330 1051 3404 exhaustosque
1061 3344 1139 3391 ocu-

161 3406 217 3480 los,
233 3407 260 3468 si
276 3424 380 3467 verum
400 3408 456 3481 vis,
478 3408 576 3483 magis
597 3410 656 3469 iam
677 3426 716 3470 ex
737 3412 961 3472 consuetudine
981 3427 1077 3486 quam
1090 3431 1133 3479 ex
