2378 3856
134 239 137 247 ,
250 191 352 250 ulAL.
368 191 417 250 lll.
441 189 492 250 ult
514 190 584 250 IRA
603 190 676 249 LIB.
701 191 723 248 l.
745 197 843 252 3-6.
995 188 1039 252 3⁹

56 344 127 404 dam
142 357 255 412 saevae
269 358 376 415 manu,
396 341 498 402 verbis
514 340 681 417 parciores
717 343 870 417 quaedem
882 342 912 402 in
929 344 1037 405 verum

55 443 123 487 rum
148 424 440 500 maledictorumque
464 425 696 485 amaritudinem
721 425 849 485 effusae
886 427 1040 501 quaedam

55 513 135 572 ultra
151 510 294 585 querelas
309 517 339 568 ει
353 510 586 569 adversationes
601 525 662 569 non
677 516 799 569 exeunt
833 511 984 585 quaedum
996 512 1039 570 al·

55 601 106 653 tae
119 608 294 668 gravesque
310 602 381 654 sunt
399 600 430 654 et
449 594 599 653 introrsus
616 608 734 653 versae.
776 593 848 654 Mile
868 595 947 655 aliae
967 608 1039 668 spe·

57 676 122 738 cies
138 686 210 737 sunt
223 676 294 735 mali
308 677 491 751 multiplicia

121 761 159 819 V.
200 759 296 834 Quid
317 767 427 821 esset
447 760 503 819 ira
525 759 747 834 quaesitum
765 767 837 832 est,
860 777 904 820 an
925 761 961 822 in
981 762 1069 839 ul-1

56 847 132 904 lum
158 843 264 903 aliud
288 845 430 904 animal
456 859 564 918 quam
589 843 625 902 in
650 843 841 904 hominem
866 845 1039 920 caderet,

59 927 646 1002 quoebiracundiudistaretel
661 928 857 1002 quaeeius
879 929 1039 1003 speeies

59 1018 210 1070 essenus
230 1027 590 1086 nuncquaeramus,
610 1027 655 1070 an
670 1010 953 1072 iresecundum
974 1029 1039 1072 ne·

57 1101 180 1154 turam
195 1095 297 1154 silet
311 1111 355 1154 an
371 1093 482 1155 utilis
498 1102 614 1170 alque
631 1110 676 1154 ex
696 1096 829 1168 eliqua
850 1103 960 1171 parte
979 1108 1039 1155 re·

57 1179 230 1238 linenda.

122 1262 176 1320 An
201 1261 413 1321 secundum
439 1270 611 1322 naturam
632 1261 684 1318 sit
702 1261 894 1321 manifestum
915 1262 987 1334 erit,
1014 1263 1069 1330 sin

59 1343 215 1405 hominem
228 1343 469 1420 inspexerimus:
486 1360 547 1420 quo
565 1343 639 1419 quid
650 1350 697 1402 εει
708 1343 817 1417 nulius,
831 1343 943 1404 durnin
955 1352 1040 1405 rectu

60 1428 153 1488 animi
174 1429 279 1488 habitu
294 1433 362 1488 εειι
392 1428 465 1503 quid
490 1434 589 1488 autem
615 1427 660 1486 ira
685 1427 839 1487 crudelius
860 1434 928 1488 εειι
963 1426 1065 1501 Quid.

59 1510 184 1572 horai-ne
198 1512 327 1579 aliorum
341 1512 514 1572 amantius?
547 1511 620 1587 quid
640 1511 686 1570 ira
700 1510 863 1572 inlestiusl
896 1512 996 1572 Homo
1009 1513 1041 1570 in

59 1595 250 1656 adiutorium
258 1602 394 1656 mutuum
408 1595 528 1670 genitus
544 1603 606 1669 εει,
628 1594 674 1654 ina
687 1594 718 1654 in
734 1595 868 1656 exitium.
902 1595 952 1655 hic
968 1611 1041 1656 con·

60 1680 181 1754 gregori
197 1681 267 1752 vult,
283 1681 335 1739 illa
349 1679 518 1740 discedere.
541 1680 591 1741 hic
605 1678 767 1754 prodesse,
782 1680 833 1739 illa
846 1694 969 1740 nocere.
991 1677 1042 1738 hic

60 1763 150 1823 etiam
175 1761 287 1838 ignotis
307 1779 502 1837 succurrere,
532 1763 583 1823 illa
602 1761 693 1823 etiam
707 1763 884 1823 carissimos
899 1764 1041 1837 perdere.

59 1846 110 1905 lric
125 1847 251 1908 allorum
266 1847 467 1908 incommodis
482 1847 530 1906 vel
545 1847 712 1922 inpendere
727 1861 762 1907 sc
777 1853 900 1921 paratus
916 1853 976 1922 est,
990 1846 1043 1905 illa

60 1929 93 1987 in
108 1929 284 2004 periculum,
301 1932 469 1992 dummodo
485 1931 626 2004 deducat,
642 1930 842 1990 descendere.
876 1929 949 2004 Quis
967 1945 1070 2004 ergon

61 2013 160 2086 magis
175 2021 310 2074 naturam
325 2014 444 2088 ignorat
457 2029 559 2075 rerum
575 2029 666 2089 quam
682 2013 735 2089 qui
750 2015 864 2089 optimo
877 2014 942 2073 eius
955 2014 1042 2088 operi

62 2103 95 2155 et
108 2098 354 2157 emendatissimo
368 2096 429 2156 hoc
442 2099 539 2158 lerum
555 2113 592 2157 ac
607 2098 813 2171 perniciosum
833 2097 938 2157 vilium
959 2096 1041 2156 adsi-

62 2183 157 2254 gnati
176 2180 232 2252 Ira,
247 2187 281 2240 ut
295 2179 436 2253 diximus,
451 2182 542 2241 avida
558 2195 678 2256 poenae
693 2187 748 2255 est,
764 2180 851 2240 cuius
867 2178 1043 2254 cupidinem

62 2263 169 2321 inesse
199 2263 395 2336 pacatissime
423 2262 554 2324 hominis
584 2263 702 2337 pectori
727 2263 848 2322 minime
872 2263 1042 2321 secundum

63 2346 131 2404 eius
148 2352 284 2406 naturam
300 2352 356 2405 est.
390 2345 548 2406 beneflciis
562 2346 643 2404 enim
656 2345 790 2405 humana
804 2346 866 2405 vite
880 2351 1001 2411 constat
1013 2351 1044 2404 et

64 2429 246 2499 concordia,
263 2444 319 2489 nce
333 2435 460 2500 terrore,
478 2429 535 2488 sed
549 2436 653 2489 mutuo
669 2443 773 2488 amore
787 2428 817 2487 in
832 2429 943 2489 foedus
959 2427 1043 2487 auxi-

64 2513 200 2586 liumque
215 2527 377 2572 commune
392 2512 615 2586 constringitur.

128 2596 180 2654 Vl.
214 2594 292 2668 Quid
308 2602 404 2669 ergo?
435 2611 494 2653 non
511 2595 676 2670 aliquando
695 2596 853 2671 castigatio
867 2595 1067 2670 recesserint

65 2685 133 2740 estl
166 2678 294 2754 quidni?
325 2679 382 2739 sed
395 2678 472 2737 haec
487 2680 622 2750 sincera,
638 2695 707 2738 cunr
721 2680 848 2740 ratione.
886 2677 1044 2738 nonenim

66 2770 165 2835 nocet,
178 2763 235 2822 sed
246 2761 384 2823 medetur
394 2761 499 2836 specie
511 2763 651 2823 nocendi.
679 2761 939 2835 Quemadmodum
951 2776 1044 2837 quae·

67 2847 139 2906 dam
152 2845 274 2906 hastilia
287 2844 408 2905 detorta
420 2852 454 2905 ut
474 2846 678 2919 corrigamus,
700 2846 856 2906 adurimus
877 2851 907 2903 et
927 2844 1044 2903 adactis

66 2928 188 3003 cuneis,
210 2945 273 2989 non
287 2936 321 2989 ιιι
335 2929 526 3002 frangamus,
550 2929 606 2988 sed
620 2936 655 2988 ιιι
668 2929 873 3002 explicemus,
888 2927 1044 2986 elidimus=

67 3011 112 3074 sic
126 3013 248 3087 ingenia
261 3011 335 3072 vitio
349 3027 446 3086 prava
460 3010 569 3070 dolore
583 3011 723 3086 eorporis
744 3011 899 3085 animique
920 3007 1045 3084 corrigi·

66 3113 145 3157 nnus.
178 3096 295 3170 Nempe
306 3094 444 3154 medicus
459 3091 558 3168 primo
573 3091 604 3153 in
618 3093 735 3155 levibus
750 3095 832 3154 vitiis
847 3100 973 3168 temptat
984 3105 1074 3156 noun

67 3179 193 3240 multum
208 3195 248 3238 ex
264 3177 417 3239 cotidiana
432 3177 655 3238 consuetudine
668 3177 824 3239 inflectere
839 3185 869 3238 ει
883 3178 974 3251 cibis,
989 3194 1044 3253 po·

67 3263 217 3336 tionibus,
243 3260 510 3322 exercitationibus
532 3261 669 3322 ordinem
687 3261 835 3336 inponere
855 3278 892 3322 ac
906 3259 1045 3321 valitudi-

67 3362 136 3406 nem
151 3353 268 3406 tantum
281 3351 395 3406 mutata
409 3346 490 3405 vitae
504 3343 706 3420 dispositione
721 3345 851 3405 finnare.
874 3342 1046 3419 proximum

68 3438 131 3501 est,
156 3437 190 3488 ut
214 3430 325 3491 modus
347 3429 496 3505 proficiat.
530 3429 557 3487 si
578 3428 687 3487 modus
704 3434 735 3487 et
749 3427 825 3487 ordo
840 3442 901 3486 non
916 3422 1045 3502 proficit,
