2378 3856
164 198 207 263 82
453 197 485 255 L.
508 194 655 255 auttaul
677 194 854 255 SENECAE

162 363 193 414 et
210 367 248 410 ea
261 349 451 424 deprimens,
467 362 547 421 quae
560 346 654 422 mergi
670 346 728 407 nisi
741 362 811 406 cum
825 356 983 422 mergente
994 365 1061 411 nou
1075 366 1148 428 pos

135 442 244 496 tsunt.
284 432 362 506 Quid
382 436 478 505 ergon
505 446 614 490 sanum
634 429 715 491 hunc
735 429 845 503 aliquis
861 439 970 507 vocat,
994 434 1053 509 qui
1066 437 1148 496 rehu

164 521 345 592 tempestate
367 522 527 589 correptus
551 529 612 574 non
634 513 656 573 it
679 514 735 573 sed
760 515 861 589 agitur
878 522 910 575 et
928 515 1047 578 moenai
1066 520 1147 579 malo

164 601 281 660 servitt
297 613 354 657 nec
372 598 494 658 mundat
506 595 652 658 ultionem
666 612 763 672 suam,
778 597 833 657 sed
848 598 917 673 ipse
930 599 1001 659 aas
1017 608 1149 663 exactor

164 682 266 742 animo
281 682 370 742 simul
381 697 418 741 ac
428 697 520 740 manu
532 679 630 740 saevit
641 680 868 740 carissimorum
878 696 1054 759 corumque
1067 700 1147 759 quae

135 775 235 827 tmox
249 765 363 825 amissa
379 763 506 825 netums
522 771 579 837 est,
595 763 752 823 camilext
768 763 850 823 hunc
863 765 976 840 aliquis
987 766 1145 829 edredum

163 849 263 910 virtuti
282 849 450 909 adiutorem
472 848 675 936 comitemque
693 844 760 919 dat,
788 846 917 907 consilia
940 848 1012 909 siue
1031 850 1145 926 quibus

162 934 259 993 virtus
271 930 344 991 nihil
357 931 442 1004 gerit,
458 930 691 991 obturbantemt
708 930 845 990 caducae
855 931 1065 1010 sinistraeque
1076 941 1145 996 sunt

163 1017 243 1074 vires
259 1027 290 1074 et
302 1012 332 1073 in
347 1014 458 1072 malum
476 1029 563 1074 suum
578 1013 712 1086 validae,
738 1013 768 1072 in
784 1029 862 1089 quas
875 1029 1003 1089 aegrum
1017 1017 1144 1079 morbus

134 1107 193 1162 set
209 1097 349 1157 accessio
363 1095 469 1157 erexit
500 1095 566 1158 Noa
588 1105 635 1157 est
655 1112 728 1171 ergo
750 1097 836 1171 quod
853 1112 902 1157 me
914 1106 1008 1173 putes
1020 1107 1143 1177 tempus

161 1182 191 1240 in
207 1180 409 1255 supervacuis
424 1195 613 1252 consumere,
631 1181 715 1256 quod
730 1180 813 1255 iram,
829 1181 917 1255 quasi
932 1181 1048 1244 dubiae
1062 1184 1143 1261 apud

161 1264 301 1325 homines
316 1263 469 1340 opinionis
485 1264 532 1338 sit,
547 1265 698 1336 infamem,
713 1279 783 1324 cum
797 1263 908 1340 aliquis
922 1265 962 1326 sit
972 1272 1005 1326 et
1018 1268 1142 1343 quidam

162 1349 201 1408 de
218 1349 397 1409 inlustribus
410 1347 620 1423 philosophie,
642 1345 695 1423 qui
710 1346 752 1407 illi
766 1347 880 1408 indicat
893 1364 1009 1424 operas
1022 1358 1058 1412 et
1068 1357 1138 1413 tem·

162 1447 254 1506 quam
273 1432 376 1491 utilem
399 1447 436 1490 ac
456 1431 580 1506 spiritus
602 1430 879 1491 subministrantem
897 1430 927 1491 in
950 1432 1091 1508 proella,
1113 1434 1140 1494 iu

162 1523 249 1574 actus
266 1530 383 1585 rerum,
405 1514 443 1573 ad
459 1531 549 1574 omne
563 1514 781 1589 quodcumque
797 1515 899 1575 calore
912 1516 1018 1591 aliquo
1032 1530 1140 1593 geren

134 1597 235 1666 odam
251 1604 306 1669 est,
321 1602 420 1655 crocet.
446 1597 490 1655 Na
506 1614 595 1673 quem
608 1598 691 1657 lallat
704 1604 859 1673 tamquam
873 1599 976 1674 aliquo
991 1607 1140 1677 tempore,

162 1680 266 1754 aliquo
282 1680 350 1740 loco
372 1680 545 1754 protutura,
566 1680 758 1741 ostendenda
776 1688 825 1741 est
844 1680 947 1742 rabies
966 1683 1036 1744 eius
1051 1683 1129 1745 chia

162 1772 232 1824 nata
257 1770 287 1823 et
307 1764 443 1822 adtonita
466 1764 694 1839 adparatusquc
719 1763 760 1823 illi
784 1764 962 1825 reddendus
982 1774 1040 1837 est¹
1055 1782 1141 1841 suus,

162 1848 260 1906 eculei
280 1854 310 1906 et
330 1846 473 1907 fidiculae
501 1855 532 1908 et
551 1846 707 1922 ergastula
726 1855 757 1906 et
780 1863 889 1907 cruces
910 1854 941 1909 et
961 1847 1141 1911 circumdati

162 1930 297 1989 defossis
324 1929 507 2005 corporibus
531 1931 619 2005 ignes
643 1937 673 1989 et
693 1930 846 1991 cadavera
869 1947 995 2007 quoque
1014 1933 1141 1995 trahem

162 2028 276 2085 uncus,
297 2013 382 2072 varia
398 2012 589 2074 vinculorum
609 2029 738 2088 genera,
756 2013 842 2074 varia
856 2030 1039 2089 poenarum,
1062 2019 1140 2079 lace

160 2097 296 2157 rationes
316 2096 535 2170 membrorum,
553 2096 770 2172 inscriptiones
793 2097 901 2157 frontis
921 2106 952 2159 et
974 2097 1141 2162 marum

161 2179 325 2241 inmanium
343 2196 466 2241 caveae.
499 2181 576 2241 inter
590 2181 666 2240 haec
687 2181 886 2241 instrumenta
900 2182 1083 2243 conlocetur
1098 2185 1141 2244 ira

161 2265 259 2324 dirum
284 2264 429 2340 quiddam
450 2271 543 2340 atque
562 2264 718 2325 horridum
741 2263 893 2338 stridens,
919 2265 1067 2327 omnibus
1086 2282 1143 2343 per

162 2364 242 2423 quae
259 2346 329 2408 lurit
343 2349 456 2409 tetrior.

134 2441 147 2493 1
225 2432 276 2490 lv.
302 2432 391 2492 Utde
403 2433 513 2492 ceteris
525 2431 650 2492 dubium
662 2431 709 2504 sit,
726 2429 800 2491 nulli
812 2439 894 2491 certe
906 2429 1041 2493 adfectui
1053 2433 1143 2508 peior

162 2520 210 2571 cst
222 2515 331 2584 voltus,
348 2530 439 2587 quem
452 2515 482 2573 in
496 2515 649 2589 prioribus
663 2514 748 2575 libris
761 2514 981 2590 descripsimus
993 2530 1141 2590 asperum

162 2603 192 2654 et
206 2611 308 2655 acrem
323 2605 353 2656 et
367 2612 448 2655 nunc
463 2597 614 2657 subducto
633 2604 786 2657 retrorsus
805 2598 974 2673 fugatoque
989 2600 1143 2674 sauguine

161 2678 337 2752 pallentem,
361 2695 442 2738 nuuc
459 2679 488 2737 in
511 2696 547 2738 os
563 2680 645 2738 omni
660 2680 763 2740 calore
777 2696 814 2739 aa
831 2680 939 2756 spiritu
958 2696 1052 2742 verso
1068 2682 1141 2743 sub·

161 2759 364 2821 rubicundum
379 2768 410 2820 et
425 2762 551 2821 similem
568 2771 703 2837 cruento,
718 2763 805 2823 venis
820 2763 1022 2838 tumentibus,
1039 2767 1141 2827 oculis

161 2860 242 2905 nunc
257 2845 384 2920 trepidis
399 2853 429 2905 et
442 2845 668 2920 exsilientibus,
684 2863 765 2907 nunc
779 2847 810 2907 in
825 2863 887 2907 uuo
904 2847 1012 2909 obtutu
1028 2847 1142 2909 defixis

132 2936 192 2996 aet
212 2928 417 2990 haerentibus.
455 2930 544 2990 adice
568 2929 703 2990 dentium
723 2933 801 2990 inter
826 2946 861 2990 se
888 2931 1087 2992 enecatorum
1111 2939 1144 2993 et

161 3013 295 3086 aliquem
308 3029 379 3073 esse
393 3012 577 3088 cupientium
591 3029 652 3074 non
668 3013 757 3074 alium
770 3030 879 3074 sonum
892 3030 983 3090 quam
994 3021 1046 3074 est
1054 3014 1141 3091 apris

162 3095 222 3154 tela
237 3111 294 3154 sua
308 3095 418 3154 adtritu
432 3096 621 3156 acuentibus.
655 3097 743 3156 adice
763 3097 958 3158 articulorum
980 3097 1141 3173 crepitum,

163 3192 232 3235 cum
246 3175 380 3251 seipsae
396 3193 504 3237 manus
519 3180 661 3252 frangunt
673 3187 704 3238 et
716 3182 869 3253 pulsatum
881 3181 1007 3256 saepius
1021 3188 1141 3256 pectus,

164 3258 315 3320 anhelitus
331 3259 456 3320 crebros
471 3265 647 3335 tractosque
659 3263 749 3322 altius
762 3264 902 3338 gemitus,
917 3263 1061 3327 instabile
1071 3280 1140 3326 cor-

163 3359 238 3418 pus,
270 3342 385 3401 incerta
410 3343 503 3403 verba
527 3344 636 3404 subitis
662 3347 952 3423 exclamationibus,
979 3347 1141 3409 camenus

162 3425 248 3486 labra
268 3426 480 3502 interdumque
501 3441 670 3502 conpressa
691 3437 722 3489 et
744 3430 842 3489 dirum
862 3431 1007 3506 quiddam
1024 3430 1138 3491 exsibi-
