2378 3856
233 208 284 270 on
299 207 633 282 mancunmrnrn
647 207 769 267 ιιιιιιι.
790 215 875 269 ι-ι.
979 205 1039 270 179

65 370 129 423 est:
144 360 174 421 in
191 361 348 436 domibus,
363 363 393 420 in
410 361 611 436 spectaculis,
627 360 657 420 in
674 360 824 422 conviviis
838 361 953 423 bonum
967 379 1040 435 con-

64 446 270 518 tubemalem,
302 445 424 504 fidelem
450 444 595 517 amicum,
628 451 846 519 temperantem
878 447 1041 507 convivam

64 536 145 605 agat.
169 527 271 594 officia
283 526 359 588 civis
371 528 520 588 amiserit:
536 528 667 587 hominis
679 536 832 588 exerceat.
847 529 917 590 ideo
929 538 1072 605 magnos

64 612 167 673 animo
189 627 247 671 nos
268 626 329 670 non
350 611 441 671 unius
463 611 547 671 urbis
568 611 730 671 moenibus
752 611 914 687 clusimus,
937 615 1039 674 sedin

64 698 158 758 totius
190 695 273 756 orbis
299 693 514 754 commercium
546 694 702 755 emisimus
731 697 921 770 patriamque
949 697 1040 757 nobis

63 779 211 840 mundum
233 778 367 852 professi
383 794 505 850 sumus,
525 785 559 838 ιιι
573 778 677 839 liceret
691 779 827 839 latiorem
842 780 944 840 virtuti
959 796 1039 840 cam-

64 879 141 939 pum
162 863 245 921 dare.
274 862 469 934 praeclusum
489 861 542 920 tibi
563 860 694 921 tribunal
720 869 768 923 est
788 870 818 922 et
837 864 945 923 rostris
970 881 1039 938 pro-

64 946 182 1006 hiberis
197 952 249 1004 aut
263 945 408 1005 comitiis:
433 945 554 1019 respice
572 952 646 1019 post
668 954 697 1005 te
719 947 864 1021 quantuin
880 948 1041 1008 latissima·

64 1045 132 1088 rum
157 1028 315 1104 regionum
343 1036 459 1103 pateat,
486 1036 629 1102 quantum
655 1031 848 1105 populorum.
878 1047 1041 1106 numquam

67 1115 111 1172 ita
125 1109 179 1172 tibi
193 1127 303 1187 magua
316 1127 389 1186 pars
405 1112 595 1186 obstruetur,
609 1120 643 1171 ιιι
656 1129 717 1173 non
733 1112 830 1174 maior
843 1115 1041 1188 relinquatur.

66 1195 130 1255 Sed
144 1195 231 1266 vide,
253 1210 292 1253 ne
313 1201 407 1255 toturn
421 1193 503 1254 istud
521 1203 604 1255 tuum
619 1196 724 1256 vitium
742 1197 790 1256 sit.
821 1214 882 1256 non
898 1198 946 1257 vis
961 1199 1072 1264 enims

66 1279 126 1339 nisi
144 1280 251 1340 consul
267 1286 319 1338 aut
333 1278 472 1353 prytanis
483 1284 536 1338 aut
550 1293 647 1355 ceryx
661 1286 714 1338 aut
729 1280 813 1338 sules
830 1281 1042 1339 administrare

65 1362 294 1437 rempublicam.
324 1360 403 1435 Quid
423 1361 450 1420 si
471 1361 598 1420 militare
623 1363 701 1422 nolis
723 1362 781 1421 nisi
803 1363 968 1436 imperator
990 1381 1043 1423 aut

64 1446 227 1506 tribunus?
251 1443 369 1504 etiamsi
391 1444 442 1503 alii
457 1444 585 1517 primam
599 1446 728 1504 frontem
743 1446 903 1519 tenebunt,
927 1453 956 1506 te
972 1462 1041 1507 sors

65 1531 145 1590 inter
159 1528 279 1588 triarios
292 1528 444 1602 posuerit,
459 1526 532 1586 inde
548 1543 637 1600 voce,
649 1528 876 1600 adhortatione,
889 1532 1041 1605 exemplo,

67 1613 168 1674 animo
189 1610 298 1671 milita:
325 1611 474 1685 praecisis
495 1626 627 1685 quoque,
640 1611 780 1672 manibus
800 1612 850 1671 ille
871 1613 901 1673 in
923 1614 1040 1688 proelio

65 1695 196 1767 invenit,
219 1694 301 1769 quod
322 1694 462 1769 >partibus
481 1695 632 1769 conserat,
654 1694 708 1770 qui
728 1702 788 1755 stat
808 1703 907 1756 tamen
930 1703 960 1755 et
980 1698 1040 1756 cla·

66 1793 152 1839 more
166 1779 257 1839 iuvat.
287 1780 359 1838 Tale
375 1777 519 1853 quiddam
534 1779 644 1838 lacias=
666 1779 692 1840 si
708 1794 726 1838 a
741 1779 838 1853 prima
851 1786 881 1839 te
896 1780 1040 1854 reipubli·
1054 1789 1071 1844 6

67 1877 123 1922 cae
138 1867 226 1936 parte
240 1863 362 1922 lortuna
376 1859 577 1935 submoverit,
601 1869 664 1922 stes
688 1870 787 1922 tamen
804 1870 833 1921 et
848 1865 982 1924 clamore
996 1863 1040 1923 iu-

65 1961 123 2005 ves
138 1953 182 2019 et,
204 1944 314 2021 siquis
331 1946 436 2004 lances
453 1947 657 2019 oppresserit,
679 1953 742 2005 stes
755 1952 855 2006 tamen
874 1955 904 2007 et
918 1945 1040 2008 silentio

66 2031 164 2089 iuves.
192 2028 362 2104 Numquam
383 2028 496 2089 inutilis
519 2038 568 2090 est
587 2045 683 2104 opera
703 2030 779 2088 civis
802 2030 885 2091 boni.
918 2032 1003 2090 audit
991 2039 1040 2090 tus

67 2119 116 2172 est
136 2111 299 2189 visusque:
332 2114 429 2185 voltu,
451 2119 541 2186 nutu,
564 2111 769 2173 obstinatione
789 2114 880 2174 tacita
900 2115 1039 2177 incessu-

67 2210 128 2271 que
149 2195 218 2269 ipso
240 2197 377 2270 prodest.
416 2196 456 2255 Ut
476 2196 635 2290 salutaria,
659 2212 738 2270 quae
759 2197 848 2255 citra
846 2206 975 2271 gustum
997 2205 1039 2257 ta·
1056 2213 1071 2267 l

68 2285 212 2353 clamque
234 2279 329 2339 odore
350 2262 609 2353 proficiunt,1ta
612 2280 708 2338 virtus
724 2278 878 2339 utilitatem
896 2282 986 2339 etiam
1001 2296 1040 2340 ex

66 2363 235 2458 longinquo
250 2370 280 2422 et
297 2365 394 2421 latens
411 2361 522 2435 tundit,
544 2361 611 2420 sive
625 2363 736 2435 spatiat
737 2378 773 2421 ur
788 2369 818 2420 et
832 2378 866 2421 se
878 2363 968 2424 utitur
982 2380 1039 2423 suo

66 2445 148 2518 iure,
165 2446 230 2505 sive
246 2443 403 2520 precarios
417 2443 510 2504 habet
523 2459 672 2505 excessus
690 2444 870 2519 cogiturque
883 2448 953 2505 vela
967 2462 1040 2508 con-

66 2528 202 2601 trahere,
222 2530 288 2589 sive
303 2527 403 2589 otiosa
416 2534 560 2601 mutaque
575 2535 622 2587 est
637 2535 667 2588 et
680 2535 810 2603 augusto
826 2529 1039 2607 circumsepta,

68 2611 133 2672 sive
148 2611 308 2686 adaperta:
329 2612 360 2670 in
382 2625 577 2686 quocumque
591 2611 694 2672 habitu
715 2618 776 2683 est,
799 2612 905 2687 prosit.
946 2615 1041 2690 quidt
1056 2633 1105 2662 ν

67 2703 99 2754 tu
114 2711 222 2769 parum
237 2696 308 2755 utile
323 2703 413 2770 putas
428 2697 601 2770 exemplum
615 2695 695 2754 bene
710 2697 918 2771 quiescentis?
935 2697 1041 2772 Longe
1055 2706 1073 2761 8

67 2778 172 2851 itaque
189 2779 335 2851 optimum
355 2786 403 2838 est
416 2780 545 2838 miscere
560 2779 652 2838 otium
668 2779 776 2850 rebus,
800 2782 941 2853 quotiens
957 2789 1039 2841 actu-

69 2876 126 2922 osa
146 2860 208 2918 vita
227 2859 440 2934 inpedimentis
460 2861 590 2921 fortuitis
619 2868 670 2919 aut
699 2862 829 2920 civitatis
858 2863 1041 2923 condicione

68 2941 286 3019 prohibebitur.
321 2959 485 3016 numquam
506 2944 585 3002 enim
605 2959 705 3016 usque
726 2959 763 3003 eo
784 2943 948 3004 interclusa
969 2952 1041 3004 sunt

69 3027 185 3098 omnia,
201 3032 235 3084 ut
248 3025 322 3083 nulli
336 3024 448 3083 actioni
462 3026 549 3085 locus
563 3025 713 3084 honestae
728 3027 776 3085 sit.

132 3111 171 3168 V.
193 3108 346 3183 Numquid
366 3115 456 3182 potes
470 3108 607 3166 invenire
625 3108 728 3166 urbem
744 3109 932 3169 miseriorem
948 3127 1039 3184 quam
1055 3123 1070 3173 1

67 3190 300 3253 Atheniensium
312 3192 380 3263 luit,
397 3190 556 3250 camillam
572 3191 693 3264 triginta
706 3191 827 3270 tyranni
842 3193 1040 3255 divellerent?

67 3277 149 3337 mille
164 3283 316 3337 trecentos
332 3275 428 3347 cives,
452 3276 596 3349 optimum
620 3290 772 3371 quemque
793 3276 968 3336 occiderant
957 3284 1038 3336 tnec

68 3359 160 3420 finem
183 3359 289 3420 ideol
275 3359 442 3431 iaciebant,
466 3358 522 3417 sed
542 3356 684 3418 inritabat
672 3365 739 3418 tse
759 3360 978 3433 ipsasaevitia
1008 3360 1038 3418 in

70 3459 131 3517 qua
147 3443 265 3504 civitate
280 3450 345 3503 erat
358 3444 456 3502 Areos
473 3456 585 3515 pagOS,
578 3441 870 3557 ,religiosissimum
885 3440 1038 3516 iudicium,

780 3532 811 3576 ιι
