2378 3856
110 182 149 245 18
192 183 294 244 blan.
310 182 346 242 lt.
369 183 422 242 Ab
441 179 625 242 sultanum
643 181 717 240 NEC
736 181 915 242 tnrbntntt
934 181 1017 244 NEC

109 332 291 393 dissuasuro
313 331 411 405 legem
430 338 501 404 toga
526 331 556 389 in
584 331 651 390 loro
672 338 757 392 esset
777 341 883 407 erepto
904 335 1096 412 quodquod

108 417 217 479 rostris
232 429 334 490 usque
349 414 388 472 ad
403 429 507 472 arcum
517 412 684 474 Fabianum
700 429 755 489 per
767 414 935 477 seditiosae
951 417 1096 481 factionis

110 516 217 560 manus
239 498 368 558 traditus
391 511 484 557 voees
504 496 652 573 inprobas
673 505 705 558 et
725 507 817 574 sputa
838 507 869 560 et
894 500 1001 561 omnis
1024 503 1096 563 ador

111 586 236 644 insanae
251 581 450 647 multitudinis
466 580 668 641 contumelias
684 584 869 658 pertulisset.

84 670 97 720 t
173 665 208 725 ll.
236 667 311 726 Tum
334 679 392 740 ego
412 663 561 739 respondi
580 664 696 724 habere
722 672 765 735 te,
792 667 877 740 quod
903 670 1096 742 reipublicae

111 750 232 810 nomine
254 748 435 819 movereris,
458 765 549 822 quam
570 748 641 808 hine
662 749 692 806 P.
707 749 846 824 Clodius,
868 750 1096 815 bichatinitu

111 849 148 893 ac
162 833 316 909 pessimus
334 831 466 907 quisque
479 832 684 892 venumdabat
695 840 725 894 et
740 849 833 892 caeca
843 835 1017 909 cupiditate
1032 852 1096 896 eor-

110 917 189 994 repti
210 933 272 976 non
292 914 500 989 intelligebant
518 931 554 976 se
574 915 646 975 dum
670 916 818 990 vendunt,
838 925 869 978 et
888 918 1014 981 venires
1039 940 1096 1000 pm

112 1002 181 1076 ipso
203 1001 326 1074 quidem
350 998 463 1059 Catone
483 1014 625 1059 securum
641 1005 669 1058 te
683 1014 755 1058 esse
768 998 856 1060 iussi.
885 1003 1003 1062 nullum
1020 1015 1096 1065 entu

112 1084 281 1158 sapientem
303 1097 360 1142 nec
375 1083 514 1142 iniuriam
529 1082 671 1157 accipere
686 1098 744 1142 nec
759 1085 972 1149 contumeliam
990 1101 1096 1161 possa

113 1167 257 1227 Catonem
271 1173 372 1225 autem
387 1166 498 1226 certius
514 1167 670 1241 exemplar
686 1166 833 1240 sapientis
847 1168 904 1227 viri
915 1167 1010 1229 nobis
1022 1169 1096 1231 deos

112 1251 289 1311 inmortales
314 1249 440 1310 dedisse
461 1265 552 1323 quam
573 1249 682 1309 Ulixen
706 1256 736 1309 et
755 1249 916 1310 Herculem
939 1252 1096 1326 prioribus

113 1333 236 1395 seculis.
271 1332 329 1393 hos
350 1332 430 1392 enim
458 1331 552 1393 Stoici
580 1333 676 1393 nostri
703 1333 857 1406 sapientes
879 1336 1096 1408 pronuntiave

112 1425 197 1492 runt,
211 1416 342 1476 invictos
357 1415 528 1488 laboribus,
544 1422 769 1490 contemptores
782 1419 946 1491 voluptatis
959 1427 993 1479 et
1003 1421 1096 1481 victo

85 1504 163 1560 ares
179 1500 313 1559 omnium
325 1505 484 1557 terrarum.
506 1498 654 1559 cotenon
671 1514 740 1559 oum
756 1499 829 1560 teris
840 1516 949 1562 manus
961 1505 1096 1577 comulit

114 1598 192 1659 quas
214 1581 384 1641 consectari
407 1580 561 1640 venatoris
582 1581 775 1656 agrestisque
796 1590 858 1656 est,
881 1599 939 1644 nec
961 1595 1096 1649 monstra

113 1668 183 1742 igne
205 1680 241 1724 ac
262 1666 342 1724 lerro
365 1670 546 1738 persecutus
568 1672 694 1724 estnec
715 1666 745 1724 in
766 1682 804 1726 ea
821 1674 961 1743 tempora
982 1670 1096 1744 incidit

115 1750 226 1825 quibus
248 1748 332 1807 credi
353 1754 462 1822 posset
477 1749 596 1808 coelum
610 1748 744 1810 humeris
756 1750 846 1812 unius
861 1752 947 1816 inuiti
959 1767 1096 1816 excussa

115 1835 173 1892 iam
194 1833 319 1907 antiqua
339 1830 517 1891 credulitate
536 1839 567 1890 et
586 1833 691 1892 seculo
715 1836 755 1894 ad
776 1850 924 1895 summam
945 1838 1096 1910 perducto

115 1915 296 1976 sollertiam:
318 1931 386 1974 curn
408 1913 521 1974 ambitu
536 1930 739 1990 congressus,
762 1919 934 1979 multiformi
950 1923 1096 1997 malo,el

115 2015 183 2060 oum
197 1998 350 2073 potentiae
360 1999 498 2058 inmensa
511 1999 684 2073 cupiditate,
698 2018 790 2075 quam
800 2008 882 2062 totus
894 2001 978 2063 orbis
993 2005 1026 2064 in
1041 2013 1096 2066 tres

115 2082 233 2143 divisus
249 2081 360 2143 saliare
375 2099 436 2143 non
452 2091 584 2158 poterat,
607 2085 757 2146 adversus
775 2085 847 2145 vitia
861 2085 991 2147 civitatis
1008 2089 1096 2164 dege

55 2175 69 2194 '
115 2166 249 2226 nerantis
271 2173 302 2226 et
321 2182 448 2241 pessum
470 2183 526 2227 sua
546 2168 627 2228 mole
648 2168 775 2229 sidentis
798 2169 880 2230 stetit
899 2169 987 2229 solus
1006 2179 1039 2230 et
1052 2188 1096 2232 oa

115 2250 237 2309 dentem
256 2252 491 2326 rempublicam,
515 2259 660 2327 quantum
680 2253 772 2314 modo
796 2269 857 2313 una
875 2251 988 2313 retrahi
1011 2271 1096 2316 mano

116 2340 251 2409 poterat,
273 2335 384 2408 tenuit,
407 2336 506 2396 donec
523 2338 571 2395 vel
592 2335 739 2412 abreptus
753 2338 803 2397 vel
818 2334 988 2396 abstractus
1006 2338 1096 2399 comi·

115 2425 175 2476 tem
196 2433 232 2477 se
253 2418 305 2477 diu
326 2426 514 2480 sustentatae
539 2420 645 2480 ruinae
666 2422 751 2482 dedit
776 2421 929 2495 simulque
948 2423 1096 2483 exstincte

117 2506 201 2573 sunt,
220 2515 300 2573 quae
315 2503 402 2561 netas
417 2512 482 2564 erat
495 2501 599 2563 dividi.
622 2502 816 2577 nequeenim
833 2500 906 2563 Cato
923 2513 995 2578 post
1010 2506 1096 2568 liber·

87 2588 207 2642 atatem
224 2582 298 2643 vixit
313 2599 370 2644 nec
391 2585 515 2647 libertas
537 2591 607 2660 post
621 2584 773 2643 Catonem.
801 2583 880 2644 Huic
902 2594 933 2647 tu
948 2595 1043 2660 putas
1058 2593 1096 2651 in-

116 2664 223 2726 iuriam
244 2666 310 2727 fieri
332 2668 470 2743 potuisse
493 2686 512 2728 a
533 2669 660 2742 populo,
686 2665 770 2740 quod
791 2674 844 2726 aut
864 2678 1042 2744 praeturam
1061 2673 1096 2735 illi

117 2750 246 2810 detraxit
260 2759 312 2813 aut
326 2758 448 2826 togam?
463 2750 546 2825 quod
561 2763 680 2808 sacrum
695 2748 768 2807 illud
783 2759 875 2827 caput
892 2759 1096 2829 purgamentis

117 2832 180 2894 oris
201 2835 375 2910 adspersit?
395 2834 489 2894 Tutus
507 2839 557 2892 est
574 2831 698 2905 sapiens
720 2847 777 2893 nec
792 2837 853 2895 ulla
869 2834 961 2897 adfici
980 2850 1037 2902 aut
1058 2842 1096 2902 in·

119 2915 196 2975 iuria
212 2925 264 2977 aut
279 2917 461 2978 contumelia
475 2922 585 2990 potest.

92 3004 106 3053 t
202 3000 253 3057 ΙΙΙ.
275 3000 392 3059 Videor
412 2999 484 3058 mihi
503 2999 612 3059 intueri
633 2997 764 3060 animum
785 3010 868 3062 tuum
889 3004 1053 3068 incensum
1074 3019 1096 3070 et

118 3080 379 3139 effervescentem.
408 3096 500 3154 paras
520 3082 710 3141 adclamare:
732 3086 842 3158 „llaec
858 3093 928 3147 sunl
949 3105 1031 3162 quae
1047 3108 1096 3154 au«

118 3159 287 3219 cleritatem
302 3163 474 3237 praeceptis
487 3163 597 3224 vestris
610 3163 776 3229 detrahent.
798 3185 908 3244 magna
924 3173 1096 3246 promittitis

118 3248 148 3301 el
163 3256 243 3315 quae
258 3258 296 3300 ne
309 3243 407 3319 optari
420 3245 554 3319 quidem,
569 3247 681 3307 nedum
692 3253 774 3312 credi
786 3253 915 3329 possint.
931 3255 1047 3318 deinde
1060 3261 1096 3320 in·

118 3323 221 3402 gentio
235 3323 328 3386 locuti
344 3343 413 3388 eum
428 3344 596 3405 pauperem
608 3336 744 3408 negastis
756 3352 827 3397 esse
840 3339 1021 3413 sapientem,
1039 3360 1096 3405 nor

120 3408 238 3486 negatis
261 3412 362 3472 solere
383 3411 424 3474 illi
446 3419 476 3474 et
495 3429 617 3478 servum
640 3417 700 3492 [vel
716 3420 869 3494 vestitum]
892 3428 922 3482 et
941 3427 1058 3486 tectum
1074 3442 1096 3487 e:
