2378 3856
119 194 182 259 184
305 195 339 254 L.
361 194 507 255 ANNAEl
530 193 705 255 SENECAE
727 192 830 254 etat.
860 192 911 253 IX.
1121 220 1134 260 ι

84 347 190 412 esibi!
226 345 289 406 Sed
311 345 455 420 quoniam
476 360 537 405 non
559 352 607 405 est
627 346 717 407 nobis
738 353 851 407 tantum
871 346 1017 422 roboris,
1043 364 1090 410 arr

117 430 270 506 gustanda
284 437 366 489 certe
381 436 453 488 sunt
463 429 659 504 patrimonia,
671 436 705 490 ut
717 430 818 491 minus
831 429 872 489 ad
887 429 1019 493 iniurias
1034 432 1093 493 lor

118 524 210 574 tunae
231 512 327 573 simus
352 513 495 586 expositi.
524 512 680 571 Habiliora
701 521 774 573 sunt
793 528 930 588 corpora
948 514 983 575 iu
1004 514 1093 587 belle,

119 612 198 673 quae
218 598 248 655 in
271 612 355 655 arma
375 612 433 656 sua
454 595 592 656 contrahi
613 604 757 670 possunt,
781 611 871 671 quam
886 612 968 671 quae
985 612 1092 673 euper-

118 679 283 741 lunduntur
302 688 332 740 et
350 679 487 753 undique
508 678 685 753 magnitudo
700 695 757 738 sua
771 679 950 741 volneribus
965 679 1092 743 chicce„-

118 764 252 838 optimus
268 761 417 838 pecuniae
431 763 540 823 modus
556 769 616 835 cst,
633 764 685 838 qui
699 778 756 822 nec
771 762 801 821 in
817 769 1029 838 paupertatem
1041 778 1090 825 ca·

119 849 176 920 dit,
192 862 250 907 nec
264 847 372 922 procul
388 862 406 905 a
421 854 599 920 paupertate
614 845 753 907 discedit.

91 935 101 983 l
180 931 229 991 lx.
251 929 384 989 Placebit
398 936 500 988 autem
514 928 591 988 haec
603 929 692 989 nobis
706 945 865 1002 mensura,
881 928 910 993 ei
924 931 1012 1003 prius
1021 944 1090 1003 pur·

119 1012 248 1073 simonia
263 1013 425 1086 placuerit,
442 1011 508 1073 sine
523 1027 652 1085 qtranec
664 1013 744 1073 ullae
759 1028 836 1089 opes
851 1012 1024 1086 sufficiunt,
1034 1026 1091 1073 nee

120 1104 197 1169 [cum
211 1099 276 1167 illo]
299 1096 378 1155 ullae
398 1110 460 1154 non
480 1095 555 1155 antis
570 1102 688 1170 patent,
713 1096 895 1171 praesertim
907 1112 979 1159 curn
1001 1092 1033 1157 iu
1047 1093 1090 1157 ni-

119 1179 189 1240 cino
203 1177 371 1239 remedium
384 1179 426 1240 sit
445 1187 475 1238 et
489 1181 589 1253 possit
607 1180 675 1254 ipsa
692 1186 857 1254 paupertas
871 1180 902 1239 in
917 1178 1043 1243 divitiae
1057 1193 1091 1239 ee

87 1263 268 1323 aadvocam
288 1262 460 1338 frugalitate
481 1269 670 1325 convertere.
704 1263 938 1325 Adsuescamus
956 1276 979 1327 a
1000 1261 1091 1324 nobie

117 1362 276 1408 removere
292 1363 451 1422 pompam,
473 1353 505 1407 et
524 1363 602 1407 usus
621 1363 736 1419 rerum,
759 1362 821 1407 non
837 1352 1016 1407 ornamenta
1030 1360 1091 1405 me

119 1432 176 1491 tiri.
200 1428 292 1491 Cibus
308 1433 418 1491 samem
433 1429 551 1503 domet,
567 1431 651 1505 potio
667 1429 762 1502 sitim,
776 1429 947 1504 libidoque
960 1443 1092 1491 neeesse

118 1521 166 1575 est
177 1512 259 1573 fluat.
275 1514 432 1573 discamus
442 1512 587 1573 membris
598 1514 711 1574 nostris
723 1514 824 1587 inniti,
839 1513 951 1573 cultum
964 1513 1091 1573 victum-

121 1613 181 1672 que
201 1611 263 1656 non
286 1596 325 1656 ad
347 1613 428 1655 nova
449 1596 591 1671 exempla
611 1611 800 1672 conponere,
819 1596 878 1657 sed
896 1595 1092 1657 utmaiornm

119 1696 222 1741 mores
237 1680 376 1741 suadent.
398 1679 554 1741 discamus
568 1680 780 1741 continentiam
796 1678 1093 1754 augere,luxurian1

120 1779 279 1837 coercere,
305 1766 434 1838 gloriam
455 1769 641 1839 temperare,
666 1762 855 1825 iracundiam
874 1762 987 1836 lenire,
1017 1778 1092 1839 pau

102 1853 267 1923 ,pertatem
290 1847 398 1920 aequis
420 1845 517 1907 oculis
542 1847 720 1922 adspicere,
752 1847 953 1921 frugalitatem
980 1844 1092 1915 coiere,

81 1922 101 1970 V
120 1930 237 1995 etiamsi
251 1931 363 1992 multos
378 1928 520 2005 pudebit,
539 1938 572 1990 ut
585 1934 713 2007 populos
727 1930 890 1991 desideriis
903 1926 1093 1993 naturalrbue

119 2029 217 2090 parvo
239 2022 345 2088 perata
365 2013 502 2073 remedia
523 2014 684 2088 adhibere,
712 2029 786 2088 spes
804 2012 971 2075 effrenatas
986 2020 1018 2074 et
1031 2011 1092 2073 ani·

119 2114 201 2159 mum
222 2097 252 2157 in
274 2098 375 2158 lutura
395 2097 576 2159 eminentem
592 2098 676 2160 velut
689 2097 747 2158 sub
766 2096 894 2159 vinculis
907 2094 1043 2167 bebere,
1062 2094 1094 2155 ld

119 2197 225 2257 agere,
236 2188 270 2243 ut
280 2181 402 2243 divitias
417 2197 436 2240 a
449 2181 540 2245 nobis
554 2184 656 2257 potins
670 2196 761 2257 quam
775 2197 795 2239 a
807 2181 931 2241 lortuna
941 2186 1093 2254 pommus.

87 2263 184 2327 Siloa
206 2272 308 2342 potest
326 2281 470 2341 umquam
489 2272 572 2327 tanta
592 2266 726 2326 varietus
751 2270 780 2324 et
800 2263 945 2339 iniquitas
965 2276 1095 2325 casuum

120 2351 160 2409 ita
175 2349 303 2425 depelli,
325 2357 434 2410 utnon
449 2350 573 2410 multum
589 2350 793 2424 procellarum
800 2346 907 2408 inruat
920 2360 1033 2420 magna
1046 2360 1094 2405 er·

119 2441 272 2493 memento
290 2431 505 2507 pandentibus.
539 2432 697 2506 cogendae
719 2433 749 2491 in
770 2439 868 2491 arbam
882 2445 933 2491 rea
950 2435 1038 2503 suut,
1061 2433 1095 2489 ul

119 2516 179 2575 tela
200 2518 229 2574 in
250 2532 360 2575 vanum
377 2515 501 2587 cadant,
524 2515 657 2588 ideoque
670 2515 762 2575 exilia
775 2512 929 2577 interdum
939 2510 1094 2575 commiu-

120 2607 231 2672 tesque
256 2598 285 2656 in
311 2597 480 2659 remedium
507 2613 631 2659 cessere
652 2605 684 2659 et
701 2597 869 2657 levioribus
890 2594 1095 2659 incorumodio

121 2682 263 2756 graviora
277 2689 385 2740 sanata
400 2688 484 2753 sunt,
506 2679 557 2741 ubi
573 2696 679 2755 parurn
695 2680 779 2740 audit
792 2686 960 2755 praecepta
975 2678 1095 2739 animno

121 2780 178 2825 nec
199 2764 300 2825 curari
319 2763 439 2824 mollius
455 2770 566 2838 potest.
584 2763 716 2838 quiante
737 2763 904 2825 consulitur
916 2764 961 2834 el,
975 2761 1004 2823 ei
1019 2776 1095 2837 pau·

122 2851 281 2923 panasei,
296 2846 476 2924 ignominia,
490 2862 591 2911 rerum
606 2845 728 2908 eversio
743 2845 913 2907 adhibetur.
930 2844 1018 2909 melo
1032 2859 1094 2907 me·

120 2934 181 2993 lum
203 2930 377 3007 opponitur.
410 2931 632 2993 adsuescamus
653 2945 727 3006 ergo
749 2944 882 2991 menore
905 2942 1004 3005 posse
1027 2928 1095 2989 sine

121 3017 237 3092 populo
259 3024 290 3077 et
310 3017 409 3079 servis
430 3013 626 3090 paucioribus
646 3014 756 3077 serviri
776 3019 807 3074 et
819 3019 925 3074 vestes
939 3026 1052 3087 parere
1065 3010 1094 3071 in

122 3099 206 3175 quod
226 3099 368 3161 inventae
383 3106 468 3171 sunt,
488 3097 626 3159 habitare
640 3097 834 3159 connactius.
868 3095 936 3157 Non
955 3095 987 3157 iu
1001 3109 1096 3155 cursu

120 3190 235 3243 tantum
251 3180 385 3256 circique
401 3182 581 3253 certamine,
597 3181 695 3243 sedin
708 3180 758 3241 his
774 3179 882 3256 spatiis
898 3179 980 3239 vitae
992 3176 1095 3239 interi·

88 3275 105 3328 l
120 3282 157 3327 us
172 3263 356 3327 flectendum
371 3271 429 3325 est
460 3262 634 3325 Studiorum
647 3280 772 3341 quoque
788 3278 868 3339 quae
881 3260 1097 3323 bberaltnsiua
1118 3262 1128 3283 ⁶

121 3353 252 3426 inpensa
271 3356 333 3422 est,
351 3347 467 3407 tamdiu
487 3345 634 3409 rationem
654 3346 761 3423 habet,
788 3345 935 3422 quamdiu
958 3344 1096 3423 modum·

123 3434 188 3508 Quo
199 3431 433 3493 innumerabiles
446 3431 539 3492 libros
552 3439 583 3492 et
592 3430 804 3506 bibliothecas,
813 3444 947 3506 quarum.
1028 3494 1039 3503 ,,
1121 3486 1133 3505 .,
