2378 3854
352 447 387 528 ll.
413 444 552 528 lllltl
579 444 751 527 stllbll

175 668 177 672 Α
278 612 331 661 no
362 609 568 662 aanouau
596 609 829 662 causarum

181 738 283 836 nn
359 710 920 835 ctuna'nrrn

451 923 587 1015 traua
615 924 652 986 u.
725 898 728 903 ’
768 905 771 911 ’

483 1084 625 1093 ..mun—.—

28 1224 32 1229 ·
126 1209 148 1267 l.
171 1209 213 1268 Ut
235 1207 274 1266 de
291 1208 450 1268 clementia
471 1210 651 1283 scriberem,
671 1209 751 1269 Nero
768 1208 895 1282 Caesar,
916 1225 977 1268 una
991 1225 1071 1280 mep

62 1309 123 1352 vox
138 1300 193 1352 tua
204 1290 335 1350 maxime
347 1292 497 1376 conpulit,
513 1309 605 1368 quam
617 1308 675 1367 ego
688 1308 749 1352 non
762 1293 828 1351 sine
840 1292 1040 1353 admiratione

62 1381 186 1437 etcum
206 1374 374 1446 diceretur,
396 1376 522 1436 audisse
543 1377 680 1449 memini,
706 1383 736 1436 et
756 1374 867 1436 deinde
887 1375 954 1434 aliis
970 1391 1039 1435 nar·

62 1474 166 1533 rasse,
185 1471 295 1517 vocem
310 1472 505 1531 generosam,
525 1458 626 1534 magni
637 1458 743 1532 animi,
758 1473 886 1533 magnae
897 1456 1038 1531 lenitaue,

63 1557 144 1616 quae
163 1556 228 1601 non
251 1539 413 1614 conposita
427 1558 483 1602 nec
498 1542 606 1603 alienis
622 1543 747 1603 auribus
762 1543 836 1614 [sed]
853 1540 953 1601 subita
968 1541 1040 1603 data

63 1625 185 1699 crepuit
204 1631 235 1682 et
254 1622 419 1684 bonitatem
440 1630 521 1684 tuam
542 1641 610 1685 cum
630 1627 751 1686 lortuna
765 1632 817 1686 tua
830 1623 994 1698 litigantem
1009 1625 1039 1684 in

62 1708 200 1767 medium
213 1705 352 1766 adduxit.
385 1708 663 1769 Animadversurus
678 1709 707 1768 in
724 1708 857 1768 latrones
873 1707 952 1767 duos
964 1707 1071 1772 Bur-'a

61 1808 115 1851 rus
137 1790 317 1866 praelectus
338 1797 423 1862 tuus,
449 1790 495 1850 vir
515 1792 658 1866 egregius
676 1799 708 1852 at
728 1791 781 1851 tibi
794 1789 926 1867 principi
940 1799 1039 1864 natus,
1109 1845 1112 1849 .

62 1874 209 1949 exigebat
221 1889 240 1932 a
252 1878 296 1945 te,
312 1872 462 1932 scriberes
478 1874 507 1933 in
524 1891 603 1948 quos
619 1883 703 1936 etex
718 1889 780 1950 qua
795 1890 890 1935 causa
906 1875 1039 1936 animad-

61 1959 137 2018 verti
153 1948 265 2015 velles.
288 1954 353 2023 hoc
368 1971 463 2031 saepe
478 1956 602 2018 dilatum
616 1965 651 2020 ut
665 1959 832 2031 aliquando
848 1958 934 2018 lieret
947 1958 1040 2018 insta-

60 2041 119 2100 bat.
158 2040 280 2098 invitus
302 2038 395 2098 invito
412 2056 480 2099 cum
495 2040 629 2100 chartam
644 2041 823 2116 protulisset
837 2041 1040 2115 traderetque,

60 2121 266 2183 exclamasti:
299 2125 401 2182 vellem
426 2125 570 2184 nescirem
590 2121 712 2185 literas!
748 2123 908 2198 Odignnm
925 2135 1073 2196 vocem,3

60 2223 161 2283 quam,
175 2205 320 2265 audirent
339 2220 445 2264 omnes
459 2213 582 2280 gentes,
604 2222 684 2280 qaae
697 2208 869 2266 Romanum
884 2207 1042 2281 imperium

60 2290 217 2360 incolunt,
242 2303 385 2361 quaeque
402 2289 487 2349 iuxta
499 2288 599 2349 iacent
613 2289 724 2349 dubiae
738 2291 884 2350 libertatis
901 2304 1042 2364 quaeque

59 2388 94 2433 se
110 2379 229 2433 contra
242 2369 358 2430 viribus
374 2379 426 2431 aut
441 2371 548 2431 animis
563 2374 726 2433 adtollunt!
758 2372 781 2433 0
801 2388 908 2432 vocem
923 2372 952 2433 in
969 2387 1040 2433 con·

59 2457 183 2518 cionem
211 2453 349 2514 omnium
373 2455 542 2514 mortalium
567 2456 761 2530 mittendam,
786 2457 817 2516 iu
839 2457 928 2516 cuius
947 2455 1044 2518 verba

60 2538 223 2614 principes
243 2551 399 2610 regesque
412 2537 558 2599 iurarent!
591 2537 615 2598 0
632 2554 740 2600 vocem
755 2539 906 2616 publicam
920 2541 1043 2616 generis

59 2619 398 2694 hamauifinnocentia]
409 2619 539 2694 dignam,
555 2622 603 2682 cni
614 2621 793 2685 redderetur
802 2624 956 2699 antiquum
968 2623 1043 2685 illud

61 2706 220 2765 seculum!
254 2701 342 2760 Nunc
363 2703 500 2776 prolecto
522 2706 695 2766 consentire
710 2708 840 2768 decebat
854 2708 893 2765 ad
908 2717 1075 2779 aequumt
1159 2735 1164 2751 ·

60 2789 244 2861 bonumque
266 2785 399 2858 expulsa
418 2785 509 2845 alieni
530 2787 689 2863 cupidine,
716 2805 755 2848 ex
771 2804 832 2864 qua
847 2803 937 2848 omno
950 2789 1042 2849 animi

58 2874 175 2932 malum
191 2870 305 2938 oritur,
329 2868 469 2940 pietatem
488 2870 751 2946 integritatemque
767 2886 835 2932 cum
850 2870 912 2930 lide
927 2884 966 2929 ac
978 2887 1042 2931 mo·

58 2954 162 3015 destia
183 2964 365 3022 resurgere:
395 2957 425 3008 et
445 2950 516 3011 vitia
536 2954 678 3015 diuturno
700 2955 799 3017 abusa
812 2968 906 3028 regno
922 2953 1043 3013 tandem

56 3038 139 3098 l'elici
156 3052 196 3096 ac
214 3049 295 3110 puro
311 3034 416 3092 seculo
431 3033 539 3094 darent
553 3037 664 3097 locum.

121 3122 159 3180 ll.
184 3119 335 3178 Futurum
350 3114 424 3186 hoc,
445 3115 572 3190 Caesar,
596 3135 635 3178 ex
649 3136 763 3194 magna
776 3127 861 3196 parte
876 3133 1004 3194 sperare
1016 3127 1077 3180 etl

56 3202 204 3266 confiteri
218 3199 304 3261 libet.
335 3198 482 3258 Tradetur
492 3200 551 3259 ista
562 3202 654 3261 animi
665 3202 707 3262 tui
719 3203 920 3264 mansuetudo
932 3199 1044 3263 diffun-

55 3288 217 3361 deturque
241 3280 385 3356 paulatim
408 3295 462 3354 per
477 3297 567 3342 omne
581 3285 700 3359 imperii
710 3301 829 3363 corpus
845 3294 876 3345 ct
890 3282 1001 3346 cuncta
1015 3287 1046 3346 ln

55 3365 295 3431 similitudinem
324 3361 365 3422 tui
386 3363 605 3427 formabuntur.
637 3368 665 3425 Α
686 3369 889 3445 capite'bona
910 3366 1046 3432 valitudo
