2378 3856
213 183 263 244 ua
276 183 610 258 rannouucrrnrn
624 185 746 244 anim.
766 194 886 248 ra-n.
972 184 1032 250 191

55 350 129 394 nem
151 332 288 394 dicamus
310 333 460 393 accidere.
489 348 551 393 non
572 332 656 392 illum
672 332 795 394 casibus
810 333 965 396 hominum
979 352 1032 396 ex-

55 417 247 497 ce[r]pimus,
263 417 319 476 sed
334 415 500 490 erroribus,
516 431 573 475 nec
587 415 630 475 illi
644 416 745 477 omnia
760 424 794 477 ut
805 418 899 479 voluit
911 420 1033 494 cedunt,
1109 435 1111 440 ’

56 502 117 562 sed
141 508 174 560 ut
199 499 351 594 cogitavit.
385 499 523 575 inprimis
548 505 649 560 autem
674 501 818 575 cogitavit
839 502 923 561 aliud
936 519 1033 576 posse

56 582 229 660 propositis
244 583 310 643 suis
321 581 474 643 resistere.
497 598 627 643 necesse
639 590 686 644 est
697 591 796 644 autem
809 584 907 645 levius
919 587 959 646 ad
969 587 1031 646 ani·

55 685 141 729 mum
165 667 326 742 pervenire
351 667 513 727 destitutae
529 666 703 741 cupiditatis
719 667 871 743 dolorem,
899 669 946 729 cui
962 686 1031 730 suc-

56 767 182 811 cessum
195 766 256 810 non
270 749 376 825 utique
387 748 576 825 promiseris

119 835 198 895 xlv
218 833 373 895 Faciles
394 833 506 894 etiam
527 848 598 893 nos
620 833 963 908 faceredebemus,
989 850 1063 904 nel

56 919 172 978 nimis
201 915 414 977 destinatis
440 914 557 976 rebus
583 916 871 992 indulgeamus,
896 925 1032 978 transea-

55 1016 190 1076 musque
209 1000 241 1059 in
263 1015 316 1074 ea,
342 1001 372 1059 in
388 1015 467 1077 quae
482 1016 540 1061 nos
556 1016 649 1060 casus
664 999 839 1073 deduxerit,
864 1016 921 1060 nec
936 1009 1031 1062 muta·

55 1087 141 1145 tione
166 1091 218 1144 aut
243 1081 362 1144 consilii
387 1090 438 1144 aut
462 1091 559 1144 status
574 1083 841 1159 pertimescamus,
866 1084 1031 1146 dummodo

55 1185 115 1229 nos
137 1167 259 1239 levitas,
285 1165 525 1227 inimicissimum
547 1167 640 1242 quieti
662 1166 781 1240 vitium,
808 1182 870 1227 non
891 1169 1032 1243 excipiat.

55 1269 127 1312 narn
142 1258 172 1310 et
189 1248 354 1326 pertinacia
369 1265 499 1311 necesse
515 1259 563 1311 est
576 1249 669 1310 anxia
683 1258 714 1311 et
727 1249 839 1309 misera
850 1249 897 1322 sit,
911 1251 958 1310 cui
970 1252 1031 1310 ior·

56 1346 130 1396 tuna
155 1349 251 1410 saepe
275 1333 391 1409 aliquid
415 1341 591 1409 extorquet,
616 1340 647 1393 et
673 1332 781 1392 levitas
802 1333 895 1392 multo
910 1334 1033 1407 gravior

56 1433 209 1495 nusquam
223 1433 258 1478 se
273 1417 441 1477 continens.
463 1418 633 1491 Utrumque
646 1417 789 1476 infestum
804 1423 852 1477 est
865 1416 1031 1491 tranquilli-

57 1504 126 1575 tati,
141 1509 172 1562 et
185 1501 258 1561 nihil
272 1507 389 1561 mutare
404 1517 479 1576 poss
514 1509 544 1560 et
558 1500 630 1559 nihil
641 1500 715 1575 pati.
737 1500 848 1575 Utique
863 1500 981 1559 animus
993 1498 1032 1558 ab
1047 1511 1064 1564 a

57 1584 200 1646 omnibus
216 1584 351 1644 externis
365 1584 394 1644 in
414 1600 449 1644 se
463 1602 478 1645 r
520 1584 660 1644 orandus
675 1589 737 1642 est:
752 1583 810 1643 sibi
826 1583 974 1657 coniidat,
996 1598 1031 1643 se

55 1669 204 1744 gaudeat,
220 1684 277 1728 sua
290 1668 453 1742 suspiciat,
470 1669 602 1740 recedat,
619 1675 765 1741 quantum
781 1673 892 1741 potest,
906 1666 944 1727 ab
959 1667 1030 1726 alie-

56 1753 104 1812 nis
120 1758 150 1811 et
164 1767 199 1811 se
214 1751 273 1811 sibi
289 1752 435 1826 adplicet,
456 1751 567 1811 damna
581 1768 642 1811 non
658 1751 780 1824 sentiat,
796 1751 885 1810 etlam
901 1750 1032 1810 adversa

55 1836 188 1909 benigne
203 1834 426 1908 interpretetur.
461 1835 602 1895 Nuntiato
617 1833 775 1908 naufragio
790 1833 895 1892 Zenon
912 1841 1031 1908 noster,
1046 1844 1064 1898 3

56 1935 127 1979 cum
144 1919 246 1978 omnia
261 1934 317 1978 sua
332 1919 451 1979 audiret
465 1918 640 1979 submersa:
656 1918 768 1991 „iubet
784 1915 891 1993 inquit,
906 1933 954 1976 me
970 1919 1030 1976 lor-

56 2011 130 2062 tuna
145 2000 317 2076 expeditius
333 2001 581 2077 philosophari.“
603 2001 775 2061 Minabatur
788 2000 950 2062 Theodoro
966 2000 1031 2075 phi—

55 2084 188 2159 losopho
203 2092 353 2162 tyrannus
368 2092 494 2145 mortem
507 2085 672 2160 etquidem
686 2084 885 2159 insepultam=
900 2082 1030 2157 „habes

55 2169 163 2242 inquit,
182 2185 236 2228 cur
252 2167 303 2228 tibi
315 2169 451 2243 placeas.
472 2168 594 2228 hemina
606 2167 763 2242 sanguinis
775 2169 803 2226 in
817 2175 869 2228 tua
879 2173 1032 2242 potestate

55 2258 122 2312 est=
146 2267 215 2311 narn
228 2252 310 2327 quod
326 2253 366 2311 ad
380 2252 568 2327 sepulturam
583 2251 728 2325 pertinet,
755 2258 817 2310 ote
832 2250 983 2324 ineptum,
1005 2248 1032 2307 si

54 2343 149 2411 putas
163 2352 231 2396 mea
246 2336 412 2410 interesse,
438 2351 533 2410 supra
546 2341 658 2394 terram
673 2350 710 2393 an
726 2334 803 2392 inira
817 2339 1003 2408 putrescam.
1013 2335 1031 2362 “

53 2420 163 2479 Kanus
178 2419 288 2495 lulius,
302 2419 349 2478 vir
363 2417 500 2493 inprimis
517 2432 663 2491 magnac,
685 2417 772 2476 cuius
787 2414 978 2476 admirationi
994 2427 1063 2482 net

56 2503 116 2563 boo
138 2505 258 2580 quidenr
280 2503 395 2576 obstat,
422 2502 505 2577 quod
527 2507 632 2562 nostro
648 2500 753 2560 seculo
770 2505 935 2572 natusest,
961 2513 1031 2558 curn

57 2585 131 2647 Caio
148 2586 201 2646 diu
215 2588 393 2661 altercatus,
409 2594 575 2661 postquam
589 2584 713 2644 abeunti
727 2583 861 2643 Phalaris
874 2583 924 2642 ille
939 2579 1030 2640 dixit

54 2688 93 2730 ne
117 2671 200 2744 forie
219 2673 320 2747 inepto
338 2689 392 2748 spe
412 2672 466 2730 tibi
478 2671 657 2743 blandiores,
673 2670 744 2728 duci
756 2671 809 2728 tc
796 2670 884 2728 tusa:
903 2667 1030 2737 molius,

56 2753 170 2848 inquit,
185 2770 255 2829 cao,
270 2757 540 2830 optimeprinceps.
563 2752 640 2826 Quid
656 2750 789 2812 senserit
804 2738 922 2812 dubito.
939 2749 1062 2816 multas

56 2836 137 2896 eninr
153 2836 227 2896 milri
242 2846 419 2897 occurrunt·
394 2836 676 2897 tcontumeliosus
691 2850 763 2894 esse
776 2834 872 2892 voluit
886 2838 916 2890 et
928 2838 1029 2892 osten-

56 2921 146 2991 dere,
175 2927 288 2994 quanta
308 2920 471 2979 crudelitas
494 2925 595 2991 esset,
620 2917 649 2975 in
671 2933 732 2991 qua
751 2931 833 2975 mors
849 2913 1031 2973 beneficium
1144 2934 1150 2942 ¹

57 3010 143 3062 erat?
164 3019 202 3061 an
217 3003 412 3076 exprobravit
426 3002 468 3059 llll
484 3000 667 3062 cotidianam
682 2996 886 3065 dementiam?
901 2993 1053 3069 agebant

57 3087 138 3146 enim
160 3085 274 3162 gratias
289 3095 319 3146 et
335 3100 463 3160 quorum
480 3084 566 3144 liberi
582 3097 677 3142 occisi
692 3089 722 3142 e
737 3097 867 3156 quorum
882 3079 963 3140 bona
978 3076 1030 3136 ab·

56 3170 118 3229 lata
133 3175 228 3229 erant.
249 3185 286 3229 an
302 3176 454 3264 tamquam
468 3167 635 3227 libertatem
651 3165 778 3226 libenter
791 3164 931 3239 accepitt
946 3161 1029 3237 quic

58 3254 133 3327 quid
149 3260 210 3325 est,
226 3269 336 3327 magno
351 3253 451 3311 animo
467 3249 635 3347 respondit
658 3250 744 3310 Dicet
759 3247 913 3323 aliquis:‚
918 3245 1062 3321 ‚potuita

56 3342 131 3411 post
144 3336 203 3396 hoo
218 3337 324 3397 lubere
339 3336 419 3395 illum
438 3336 526 3395 Caius
542 3335 681 3395 vivere.“
703 3333 769 3393 Non
785 3333 881 3391 timuit
896 3331 956 3390 hoc
968 3328 1030 3387 Ka-

56 3435 127 3479 nus.
148 3427 221 3480 nota
234 3428 298 3480 erat
309 3418 371 3479 Caii
383 3421 412 3478 in
424 3419 534 3479 talibus
546 3417 680 3496 imperiis
689 3418 778 3477 fides.
794 3415 934 3482 credisne
947 3411 1029 3471 illum
