2378 3856
274 228 327 286 xn
344 204 528 287 sanarum
548 227 599 286 aa
615 225 712 287 orto.
743 237 826 290 1-a
980 226 1040 292 ms

58 395 128 439 sum
149 387 211 450 est,
231 386 286 450 tut,
317 380 343 438 si
363 394 414 439 res
435 377 560 454 patitur,
588 395 650 439 non
671 379 717 439 sit·
732 379 907 456 ipsamors
930 382 1043 446 otiosa.⁴

59 464 137 538 Quid
155 463 243 522 nobis
258 461 383 537 Epicuri
398 470 564 537 praecepta
584 462 614 521 in
634 461 713 537 ipsis
726 462 860 523 Zenonis
881 465 1039 541 principiis

59 546 217 622 loqueris?
243 547 315 621 quin
331 553 364 605 tu
377 543 457 604 bene
471 545 623 620 gnaviter,
639 546 666 605 si
682 544 812 628 partium
826 547 923 622 piget,
940 555 1038 610 trans·

59 630 140 704 logis
162 629 378 704 potiusquam
399 628 553 704 prodist“
584 630 650 689 Hoc
672 629 726 689 tibi
746 630 777 688 in
798 633 973 704 praesentia
990 639 1067 692 res

59 713 236 788 spondebo:
265 711 413 788 numquid
434 715 480 774 vis
496 712 652 795 amplius,
675 729 767 794 quam
785 720 821 774 ut
840 720 890 775 me
910 714 1038 777 similem

58 797 188 857 ducibus
209 797 286 856 meis
307 802 480 871 praestent
507 794 585 870 Quid
606 803 763 870 crgo-eati
790 813 851 858 non
867 814 929 874 quo
946 798 1036 860 mise·

57 881 118 940 rint
134 896 183 939 me
197 880 248 954 illi,
264 881 321 940 sed
337 897 399 956 quo
414 880 563 955 duxerint,
579 879 639 940 ibo.

121 963 158 1022 ll.
181 966 248 1042 [aa]
264 963 350 1024 Nunc
365 963 571 1040 probabotibi
586 958 839 1046 non-desciscere
853 981 902 1026 me
917 981 936 1025 a
950 978 1066 1041 prae-1

59 1048 158 1122 ceptis
180 1046 369 1118 Stoicorum
399 1049 470 1108 nam
491 1062 531 1107 ne
549 1047 609 1124 ipsi
630 1048 753 1124 quidem
773 1067 792 1109 a
812 1051 877 1129 suis
899 1049 1038 1111 desolva-

57 1138 143 1205 runt,
162 1138 306 1192 ettamen
321 1130 575 1192 excusatissimus
591 1145 707 1206 essem,
729 1134 936 1194 etiamsinon
952 1145 1038 1209 praa

58 1223 149 1290 cepta
163 1214 281 1275 illorum
295 1230 466 1290 sequerer,
480 1214 536 1275 sed
552 1216 702 1289 exempla.
730 1217 810 1276 lloc
830 1216 931 1292 quod
951 1216 1038 1276 dico

58 1302 95 1359 ln
111 1299 208 1359 duas
227 1298 396 1359 dividam
412 1305 558 1374 partes=
581 1298 752 1373 primum,
768 1296 1037 1376 utpossitali·

59 1383 148 1457 quis
175 1382 234 1441 vel
258 1399 277 1441 a
298 1384 419 1458 prima
438 1388 565 1441 aetate
585 1383 914 1458 contemplationi
935 1381 1037 1442 verl—

59 1466 1037 1542 tatistotumsetradere,rationemvivendiquae-

58 1564 147 1608 rere
164 1557 278 1624 atque
299 1564 488 1634 exercere
511 1556 676 1610 secreto.
705 1551 864 1624 deinde,
888 1559 928 1611 ut
948 1551 1069 1626 pos-a'

59 1632 202 1694 sithoc
223 1632 371 1708 aliquis
392 1630 568 1693 emeritis
593 1632 664 1692 iam
688 1634 922 1710 stipendiis,
948 1646 1037 1710 pro-

58 1717 228 1790 fligatae
250 1715 650 1791 aetalisiureoptimo
672 1718 917 1779 lacerectad
937 1718 1038 1778 alios

62 1807 176 1860 actus
208 1802 355 1861 animos
386 1801 535 1860 reterre
565 1799 716 1875 virginum
747 1800 917 1862 Vestalium
942 1811 1038 1870 more,

60 1899 141 1958 quae
166 1883 254 1942 annis
275 1885 352 1943 inter
373 1883 476 1945 ollicia
498 1884 604 1943 divisis
626 1883 748 1946 discunt
773 1887 875 1946 lacere
896 1901 986 1945 sacra
1010 1889 1041 1942 ot

58 1982 130 2026 cum
145 1965 316 2026 didicerunt
328 1968 446 2027 docent.

123 2049 174 2107 lll.
197 2054 264 2121 [aa]
283 2050 349 2109 Hoc
364 2049 475 2111 Stoicis
490 2067 615 2126 quoque
637 2051 758 2125 placere
778 2052 955 2125 ostendam,
978 2067 1067 2120 non1

60 2131 134 2209 quia
144 2130 216 2190 milri
228 2132 325 2206 legem
337 2132 463 2196 dixerim
475 2133 547 2193 nihil
559 2127 665 2194 cont'ra
676 2133 788 2194 dictum
799 2133 930 2194 Zenonis
944 2133 1040 2212 chry·

59 2217 182 2291 sippive
203 2216 403 2288 committere,
429 2216 486 2275 sed
506 2218 580 2292 quia
600 2233 651 2277 res
672 2216 751 2291 ipsa
758 2219 869 2290 patitur
889 2233 937 2276 me
950 2218 994 2278 ire
1009 2217 1040 2276 in

59 2301 180 2360 illorum
196 2300 388 2373 sententiam,
412 2315 503 2374 quam
521 2298 548 2360 si
563 2300 633 2375 quis
648 2314 771 2374 semper
785 2298 879 2377 unius,
890 2301 1038 2376 sequitur,

59 2398 123 2445 non
143 2382 173 2443 in
194 2383 278 2443 curia
293 2388 367 2456 [est]
391 2383 498 2444 sedin
519 2383 664 2443 factiosis.
693 2382 812 2461 Utinam
836 2382 960 2458 quidem
979 2382 1056 2444 iam?

59 2473 235 2529 tenerentur
260 2466 362 2528 omnia
387 2474 416 2527 et
435 2466 574 2541 inoperta
594 2482 632 2527 ac
652 2467 797 2527 contessa
818 2465 930 2528 veritas
956 2475 1041 2528 esset

60 2550 197 2625 nihilque
216 2566 255 2608 ex
272 2548 404 2611 decretis
418 2557 620 2611 mutaremus!
643 2565 724 2610 nunc
738 2548 895 2611 veritatem
910 2566 978 2611 cum
993 2552 1038 2612 els

61 2635 140 2711 ipsis
156 2634 208 2710 qui
229 2633 341 2695 docent
361 2634 546 2710 quaerimus.
574 2636 660 2695 Duae
682 2632 811 2696 maxime
832 2642 862 2695 et
881 2634 911 2695 in
932 2635 991 2695 lrac
1006 2645 1068 2697 rea

62 2717 214 2778 dissident
227 2725 344 2791 sectae,
358 2717 579 2794 Epicureorum
593 2725 623 2779 et
637 2717 824 2792 Stoicorum,
840 2719 897 2779 sed
910 2726 1039 2794 utraque

60 2802 101 2861 ad
117 2799 210 2861 otium
231 2800 354 2862 diversa
374 2802 424 2860 via
439 2802 534 2862 mittit.
561 2802 714 2876 Epicurus
735 2801 791 2860 aliz
813 2801 898 2873 „Non
914 2801 1041 2860 accedat

61 2884 101 2944 ad
114 2883 335 2958 rempublicam
350 2883 484 2959 sapiens,
500 2885 597 2943 nisisi
610 2880 1039 2957 quidintervenerit.“·Zenon

62 2968 118 3028 alte
136 2965 292 3043 „Accedet
311 2967 351 3025 ad
370 2967 604 3040 rempublicam,
625 2963 685 3024 nisi
704 2966 731 3025 si
752 2964 825 3039 quid
847 2964 1039 3040 inpedierit.“

61 3051 147 3112 Alter
171 3051 263 3110 otium
289 3064 328 3108 ex
352 3046 513 3124 proposito
536 3048 623 3123 petit,
654 3047 730 3108 alter
749 3062 788 3108 ex
809 3062 912 3109 causa.
945 3050 1067 3109 causat

61 3142 163 3195 autem
184 3135 234 3194 illa
255 3134 314 3193 late
335 3138 431 3208 palata
453 3131 480 3193 si
501 3128 676 3206 respublica
692 3129 933 3207 danaprin-est
948 3147 1038 3206 quam

61 3227 94 3278 ut
119 3217 257 3279 adiuvari
283 3217 397 3292 possit,
423 3217 449 3276 si
474 3223 625 3291 occupata
649 3221 698 3277 est
717 3216 820 3291 malls,
848 3232 909 3277 non
930 3216 1040 3291 nitetur

62 3301 189 3377 sapiens
209 3302 240 3360 in
261 3315 488 3376 supervacuum
508 3315 565 3359 nec
585 3314 620 3360 se
641 3298 714 3359 nihil
735 3301 912 3375 prolaturus
933 3299 1038 3373 inpen-

61 3385 129 3459 det,
155 3383 182 3444 si
203 3400 309 3460 parum
330 3383 453 3445 habebit
474 3382 660 3445 auctoritatis
681 3390 733 3444 aut
752 3383 860 3443 virium
880 3396 937 3442 nec
958 3381 1040 3441 illam

62 3469 121 3530 erit
144 3466 318 3529 admissura
342 3468 532 3544 respublica,
562 3467 588 3527 si
616 3467 751 3527 valitudo
782 3467 865 3527 illurn
896 3461 1053 3542 inpedias·
