2378 3856
168 194 233 260 282
449 196 479 253 t..
500 195 645 255 ANNAEI
665 194 840 257 SENECAE

169 352 286 412 tissima
305 349 413 410 itinera
427 349 494 407 sine
508 347 731 407 intermissione
746 346 888 408 defluens
905 346 1046 423 eliditur,
1068 366 1141 427 quo

170 435 249 495 bens
265 432 381 508 aliquid
398 430 529 504 obstitit,
552 430 637 506 quod
656 445 781 491 cursum
802 430 869 491 eius
890 431 976 493 volnt
998 435 1143 495 tertuum

170 517 275 594 rapidi·
284 522 468 588 moraretur,
491 514 522 573 in
544 529 605 589 qua
619 513 715 573 tribus
732 513 842 574 eodem
859 520 1002 591 tempore
1019 515 1142 579 usmis

114 640 128 665 ⁷
171 602 239 660 vinc
255 599 461 674 postulantur,
484 598 514 658 in
529 613 592 672 qua
607 597 794 658 consumitur
807 597 956 673 qudcquid
972 599 1066 661 torris
1080 615 1142 663 om·

172 684 261 743 nibus
279 691 396 744 aratum
420 689 534 757 quanta
558 680 691 741 solitudo
715 687 748 741 et
766 681 894 741 vastitas
913 682 1093 757 tutareris,
1116 685 1141 745 si

171 766 244 827 nihil
272 766 454 841 relinquitur
481 762 541 824 nisi
570 764 654 839 quod
681 762 774 824 iudex
800 778 929 826 severus
953 764 1141 829 moluerit!

140 862 158 913 a
171 850 433 925 Quotusquisque
446 863 486 907 ex
501 847 715 927 quaestoribus
724 852 783 919 est
797 847 852 922 qui
865 863 928 909 non
938 864 980 909 cx
994 848 1068 925 ipsa
1077 851 1146 925 laps,

171 941 322 1003 tencatur,
347 946 408 1007 qua
429 929 566 1005 quaeritr
588 928 851 1006 quotusquisque
871 938 1142 995 aemulorum

172 1017 283 1090 culpat
301 1013 450 1074 etnescio
466 1029 504 1072 an
525 1028 614 1072 tremo
630 1013 670 1073 ad
691 1014 825 1077 dandum
847 1016 970 1077 suniam
990 1016 1141 1079 dilllcbior

139 1100 211 1159 usit
226 1112 317 1173 quam
339 1098 391 1173 qui
410 1098 492 1156 illam
514 1104 618 1172 petere
643 1096 770 1172 saepius
789 1097 908 1159 meruit.
941 1097 1140 1162 Peccavimus

171 1197 297 1242 omnes=
326 1182 376 1241 alii
399 1181 519 1256 gravia,
542 1180 592 1239 alii
616 1179 746 1253 leviora,
768 1181 817 1241 ali
839 1196 880 1242 ax
894 1180 1068 1265 destinato,
1094 1182 1141 1245 atti

171 1267 249 1327 torte
259 1261 377 1340 inpulsi
391 1273 444 1325 aut
459 1264 559 1326 aliena
573 1264 708 1339 nequitia
721 1264 827 1338 ablati,
847 1264 900 1327 atii
911 1266 944 1326 in
961 1265 1057 1329 bonis
1070 1283 1139 1329 eon·

171 1348 248 1410 siliis
264 1364 372 1424 parum
385 1349 502 1408 fortiter
517 1347 654 1408 stetimus
669 1355 700 1407 et
713 1347 918 1409 innocentiam
930 1350 1020 1413 inviti
1039 1366 1078 1413 ac
1096 1366 1139 1411 m

171 1433 300 1492 nitentes
315 1431 515 1508 perdidimus.
546 1445 603 1490 nec
623 1430 807 1506 deliquimus
822 1437 953 1505 tantum,
972 1434 1031 1495 sed
1044 1447 1140 1511 usque

140 1522 156 1574 t
171 1516 209 1574 ad
224 1522 392 1576 extremum
406 1514 475 1574 aevi
489 1514 714 1588 delinquemus.
748 1514 845 1575 Etiam
862 1516 889 1576 si
903 1516 975 1593 quis
988 1523 1053 1579 tum
1064 1518 1140 1579 banc

171 1598 229 1658 iam
256 1596 398 1674 purgarit
416 1598 563 1670 animum,
585 1605 619 1658 ut
640 1597 712 1657 nihil
733 1597 897 1661 obturbare
917 1614 991 1662 eum
1009 1601 1139 1677 amplius

172 1683 269 1756 possit
277 1697 313 1742 ac
325 1682 444 1754 saltere,
458 1682 496 1741 ad
503 1682 704 1741 innocentiam
712 1688 811 1743 tamen
820 1683 981 1757 peccando
993 1685 1138 1759 parvenit

140 1775 155 1826 1
253 1766 318 1824 Vlt.
342 1765 488 1839 Quoniam
512 1765 639 1824 deorum
656 1765 715 1824 ieci
733 1765 931 1840 mentionem,
950 1767 1138 1843 opt'unaltoo

171 1849 342 1922 exemplum
358 1849 486 1922 principi
501 1847 696 1920 constituam,
718 1848 759 1908 ad
776 1849 860 1925 quod
876 1851 1039 1925 formetm,
1061 1858 1095 1913 ut
1106 1865 1140 1911 se

170 1931 259 1990 talem
276 1945 348 1990 esse
362 1930 481 1990 civibus
495 1932 603 2004 quales
618 1930 675 1991 sibi
697 1932 774 1994 daos
793 1932 874 1995 uelit.
917 1933 1056 2010 Expedit
1066 1948 1137 2010 crgo

171 2014 285 2074 habere
313 2013 511 2074 inexorabilia
536 2015 672 2087 peccatis
696 2023 788 2091 atque
811 2015 970 2079 erroribus
995 2018 1139 2079 numiuat

171 2099 296 2173 expedit
309 2113 410 2173 usque
423 2098 462 2157 ud
477 2097 611 2158 ultimam
624 2099 737 2159 infesta
750 2100 937 2174 perniciemt
954 2106 988 2161 et
1008 2102 1082 2177 quis
1094 2117 1138 2163 re·

170 2194 241 2255 gum
257 2182 314 2241 erit
331 2189 429 2254 tutus,
453 2182 540 2241 cuius
554 2198 616 2242 non
631 2182 768 2242 membra
780 2182 963 2259 haruspices
977 2184 1140 2261 colligasti

139 2270 156 2321 t
171 2264 259 2339 Quod
273 2266 300 2324 si
316 2265 347 2325 di
363 2264 528 2340 placabiles
544 2272 574 2325 et
588 2266 679 2340 aequi
693 2265 804 2326 delicta
818 2266 988 2340 potentium
1000 2276 1137 2330 consta

170 2349 221 2408 tim
237 2348 413 2409 fulminibus
431 2356 670 2423 persequuntur,
693 2357 807 2422 quanto
825 2351 957 2425 aequitas
974 2358 1029 2413 est
1046 2352 1138 2415 bami-

169 2446 239 2490 nem
258 2431 431 2492 hominibus
453 2431 661 2506 praepositum
681 2432 743 2491 miti
765 2431 864 2492 animo
880 2448 1030 2496 merom
1046 2436 1138 2512 impe

169 2516 246 2573 rium
261 2521 292 2574 et
305 2517 456 2591 cogitare,
480 2521 580 2574 utrum
593 2515 698 2574 mundi
713 2521 809 2576 stanrs
829 2517 944 2590 gruum
959 2518 1062 2580 oculis
1075 2520 1138 2594 pul-

170 2595 332 2671 chriorque
347 2597 386 2657 sit
400 2611 510 2657 sereno
527 2605 557 2657 et
570 2613 647 2671 puro
662 2598 712 2658 dia
726 2614 764 2658 sn
779 2615 873 2674 quum
887 2599 1064 2674 fragoribus
1076 2616 1137 2663 erc

169 2677 232 2739 bris
248 2679 349 2739 omnia
365 2679 540 2755 quatiuntur
558 2686 589 2739 et
608 2681 696 2754 ignes
716 2680 787 2742 hinc
800 2688 892 2757 atque
911 2682 995 2743 illinc
1008 2686 1150 2747 micanti·

169 2762 252 2838 atqui
267 2776 329 2823 non
344 2761 404 2824 alia
423 2762 518 2822 iacies
540 2770 589 2823 est
606 2764 699 2837 quieti
718 2766 887 2840 moratique
906 2766 1029 2842 imperii
1050 2782 1139 2845 quum

138 2857 156 2910 3
171 2847 271 2906 sereni
285 2847 363 2908 coeli
377 2854 408 2908 et
422 2846 554 2907 nitentis.
598 2848 726 2909 Crudele
739 2862 867 2924 regnum
886 2848 1044 2911 turbidum
1057 2858 1137 2913 tene-

169 2929 296 3005 brisque
313 2931 479 2991 obsourum
493 2938 555 3005 est,
572 2931 650 2992 inter
664 2938 827 2993 trementes
840 2939 874 2992 et
891 2932 932 2992 ad
943 2933 1139 3009 mpenunnm

169 3015 301 3073 sonitum
315 3022 559 3089 expavescentes
580 3030 618 3074 ne
638 3030 677 3078 eo
698 3016 822 3090 quidem
836 3016 889 3090 qui
903 3016 1007 3077 omniu
1021 3022 1140 3093 potur-

167 3095 219 3154 bat
233 3097 429 3157 inconcusso.
463 3096 595 3157 Facilius
611 3098 737 3173 privatis
754 3099 924 3174 ignoscitur
943 3099 1141 3175 perducitur

169 3193 203 3238 se
218 3179 451 3240 vindicantibus.
472 3190 604 3254 possunt
619 3182 697 3240 enim
712 3182 792 3242 laedi
808 3180 961 3258 dolorque
979 3198 1086 3245 eorum
1102 3183 1141 3243 ab

168 3260 278 3322 iniuria
291 3263 382 3322 venit.
410 3260 515 3323 timent
534 3272 694 3337 praeterea
713 3271 935 3340 contemptam,
957 3271 989 3326 ct
1007 3282 1074 3329 nou
1093 3278 1141 3328 rc·

167 3346 274 3406 tulisse
293 3345 485 3406 laedentibus
505 3346 632 3420 gratiam
650 3344 809 3408 infirmitas
834 3348 968 3423 udam,
992 3364 1059 3411 nnn
1080 3349 1142 3410 clo·

167 3429 292 3488 mentia=
315 3436 346 3488 at
367 3429 415 3487 cui
436 3429 509 3488 ultio
530 3429 561 3487 in
587 3428 667 3488 taciti
688 3439 749 3507 est,
771 3430 798 3491 is
819 3432 936 3493 omissa
960 3426 1142 3495 aceram
