2378 3856
146 221 198 279 ΑΙ)
221 218 405 280 MaaclAM
426 218 476 277 DE
499 217 799 280 CONSOLATIONE.
823 227 941 283 17-19.
974 221 1041 283 1ῑ29ἶ

60 374 268 434 cacuminibus
281 387 406 431 nemora
417 369 553 430 nutantia
564 377 594 430 et
610 377 722 431 tantum
733 372 878 432 silvarum
889 387 958 432 curn
969 372 1035 434 suis

59 456 242 516 animalibus
258 457 421 529 aviumque
436 459 584 514 concentu
604 455 742 515 dissono.
764 455 840 514 varii
861 455 980 516 urbium
996 458 1068 521 sia

59 549 109 600 tus
121 547 151 599 et
162 540 303 599 seclusae
313 538 452 598 nationes
464 539 601 598 locorum
613 538 797 612 dillicultate,
815 553 943 613 quarum
958 541 1035 599 aliae

59 638 95 683 se
109 622 139 682 in
154 628 274 682 erectos
288 620 469 700 subtrahunt
479 627 608 693 montes,
623 620 700 679 aliae
712 619 795 696 ripis,
811 622 888 695 lacu,
904 619 1035 683 vallibus

59 706 191 781 pavidae
206 704 496 766 circumfunduntur.
519 704 623 764 adiuta
638 705 735 764 lructu
751 719 851 778 seges
867 712 897 765 et
911 707 1036 766 arbusta

61 790 128 848 sine
143 791 259 848 cultore
273 788 467 861 ler[til]italis.
497 794 526 847 et
539 787 674 854 rivorum
687 787 765 847 lenis
780 788 858 848 inter
873 797 958 863 prata
973 789 1034 848 dis·

59 888 170 932 cursus
192 879 223 932 et
243 871 362 932 amoeni
389 870 476 931 sinus
500 879 530 930 et
550 871 638 931 litora
657 871 687 929 in
712 877 830 944 portum
851 872 1035 932 recedentia.

59 971 189 1029 sparsae
206 963 251 1016 tot
266 970 320 1029 per
335 961 454 1015 vastum
469 955 595 1027 insulae,
618 969 699 1030 quae
712 954 881 1016 interventu
899 972 957 1016 suo
973 971 1035 1015 ma·

57 1040 103 1097 ria
119 1038 317 1114 distinguunt.
340 1037 439 1112 ouidi
456 1038 589 1112 lapidum
604 1054 852 1113 gemmarumque
868 1040 968 1114 fulgor
982 1045 1067 1112 [etio

58 1123 89 1181 in
106 1123 210 1201 ter[rul
226 1122 403 1198 rapidorum
417 1122 594 1182 torrentium
610 1139 718 1182 aurum
738 1123 839 1181 arenis
857 1122 1035 1184 interfluens

58 1215 89 1266 et
103 1207 133 1264 in
150 1205 257 1266 mediis
275 1206 361 1266 terris
374 1206 542 1280 medioque
557 1213 664 1265 rursus
676 1206 750 1264 mari
764 1212 904 1266 terrentes
920 1205 1035 1280 ignium

59 1291 144 1349 laces
160 1297 190 1349 et
204 1291 358 1351 vinculum
373 1296 519 1350 terrarum
534 1304 679 1360 oceanus
701 1288 882 1349 continentis
902 1291 1035 1362 gentium

59 1369 169 1447 triplici
181 1375 250 1434 sinu
261 1373 406 1433 scindens
419 1378 449 1431 et
462 1370 575 1446 ingenti
587 1373 707 1431 licentia
717 1378 923 1432 exaestuans?
942 1368 1037 1432 Vide·
1050 1379 1067 1434 l

58 1457 107 1516 bis
128 1456 176 1516 hic
196 1456 340 1532 inquietis
357 1464 387 1516 et
401 1454 468 1516 sine
491 1463 581 1517 vento
594 1455 811 1515 fluctuantibus
826 1457 915 1531 aquis
931 1457 1035 1515 inuare

59 1541 112 1617 [et]
138 1540 297 1600 excedenti
319 1538 461 1600 terrentia
481 1538 687 1614 magnitudine
708 1538 862 1611 animalia,
885 1541 1035 1615 quaedam

59 1621 165 1697 gravia
179 1631 210 1684 et
224 1624 323 1682 alieno
340 1638 375 1682 se
386 1622 559 1697 magisterio
572 1625 734 1695 moventia,
750 1624 899 1699 quaedam
918 1625 1035 1684 velocia

59 1714 89 1765 et
104 1707 263 1767 concitatis
280 1707 452 1783 perniciora
465 1705 608 1779 remigiis,
631 1706 783 1780 quaedam
797 1708 967 1767 haurientia
980 1724 1034 1766 un-

59 1791 116 1849 das
133 1798 284 1867 almagno
302 1790 581 1865 praenavigantium
597 1791 734 1863 periculo
750 1789 892 1849 elllantia
917 1786 1035 1849 videbis

59 1873 108 1931 lrlo
128 1873 251 1948 navigia
272 1892 349 1950 quas
371 1890 431 1934 non
452 1888 568 1933 novere
588 1879 684 1932 terras
707 1874 891 1948 quaerentia.
918 1872 1035 1933 videbis

59 1955 132 2014 nihil
147 1955 298 2017 humanae
313 1959 459 2017 audaciae
475 1957 683 2030 intemptatum
699 1957 822 2030 erisque
837 1964 867 2016 et
881 1963 1037 2030 spectator

60 2039 173 2112 etipse
188 2057 261 2114 pars
276 2057 385 2114 magna
401 2041 585 2099 conantium.
612 2039 715 2098 disces
732 2039 922 2114 docebisque
943 2046 1033 2110 artes,

60 2122 137 2181 alias
154 2139 232 2197 quae
248 2124 338 2183 vitam
353 2122 512 2196 instruant,
533 2123 608 2180 alias
625 2136 704 2195 quae
719 2130 834 2194 ornent,
856 2123 931 2181 alias
956 2136 1035 2195 quae

59 2213 175 2279 regant.
200 2205 262 2265 Sed
279 2206 346 2265 istic
361 2212 448 2265 erunt
462 2203 542 2263 mille
559 2219 731 2277 corporum,
749 2207 849 2276 [mille]
866 2205 1035 2263 animorum
1049 2210 1085 2264 8.

62 2296 176 2362 pestes,
192 2297 222 2348 et
234 2290 315 2347 bella
329 2295 359 2347 et
380 2286 535 2348 latrocinia
551 2294 579 2346 et
591 2300 711 2344 venena
726 2293 756 2344 el
771 2287 927 2360 naufragia
948 2293 977 2345 et
992 2287 1033 2344 in·

60 2373 223 2446 temperies
239 2372 317 2431 coeli
333 2369 534 2444 corporisque
549 2377 578 2429 et
599 2368 827 2429 carissimorum
850 2370 961 2429 acerba
984 2370 1035 2428 de-

61 2456 174 2516 sideria
189 2464 218 2516 et
240 2471 332 2528 mors,
354 2455 503 2513 incertum
525 2450 621 2511 facilis
637 2467 675 2510 an
691 2467 746 2526 per
767 2467 898 2526 poenam
921 2454 1036 2512 crucia-

61 2547 201 2614 tumque:
226 2539 361 2599 delibera
382 2544 481 2602 tecum
500 2543 530 2595 et
544 2536 709 2610 perpende,
733 2536 807 2611 quid
830 2537 914 2596 velis.
942 2545 975 2597 ut
997 2537 1037 2596 ad

60 2623 111 2681 illa
127 2624 239 2695 venias,
264 2638 319 2696 per
334 2622 384 2681 illa
399 2621 572 2680 exeundum
595 2628 652 2680 est.
681 2618 887 2696 respondebis
906 2622 986 2680 velle
1009 2629 1037 2679 te

23 2699 25 2704 ’
60 2707 186 2765 viveret
208 2704 335 2781 quidni?
355 2707 455 2777 immo,
479 2711 561 2778 puto,
584 2702 667 2762 adid
684 2721 743 2764 non
759 2705 900 2778 accedes,
921 2721 960 2764 ex
976 2719 1037 2779 quo

61 2789 113 2847 tibi
128 2789 243 2862 aliquid
258 2789 359 2849 decuti
380 2789 483 2849 doles:
507 2788 574 2844 vive
590 2803 662 2860 ergo
684 2795 718 2845 ut
739 2788 890 2847 convenit.
913 2787 1037 2859 „Nemq

61 2869 174 2944 inquiS,
191 2886 248 2930 nos
265 2871 446 2931 consuluit.“
473 2868 609 2928 Consulti
631 2876 702 2927 sunt
723 2870 761 2927 de
784 2870 873 2927 nobis
895 2875 1037 2942 parentes

60 2954 166 3025 nostri,
191 2952 324 3026 quicum
343 2951 554 3013 condicionem
576 2951 654 3009 vitae
675 2959 811 3023 nossent,
834 2951 862 3008 in
881 2950 960 3008 hanc
981 2965 1038 3010 nos

61 3040 260 3098 sustulerunt.

133 3121 210 3180 XIX.
234 3118 306 3178 Sed
322 3125 361 3177 ut
381 3118 425 3176 ad
442 3117 764 3190 solatiareniam,
788 3115 942 3176 videbis
962 3118 1067 3192 pri-l

60 3221 154 3265 nrum
183 3203 276 3279 quid
299 3201 511 3278 curandum
536 3200 601 3273 sit,
629 3200 770 3262 deinde
794 3200 1039 3264 ottemadmo-

61 3291 154 3348 dum.
195 3286 538 3360 Movetlugentenr
558 3282 640 3344 desi
692 3285 734 3344 tri

61 3371 212 3430 dilexit.
248 3369 280 3429 id
302 3386 357 3444 per
381 3385 415 3429 se
437 3368 595 3428 tolerabile

59 3454 143 3513 enim
161 3454 382 3529 abluturosque
401 3453 472 3514 dum
482 3451 592 3525 vivent,

105 3557 206 3595 sunnon
219 3557 288 3595 nun.
302 3541 322 3595 Ι.
