2378 3856
121 196 162 262 88
416 198 446 255 t..
470 196 616 256 nnnntet
635 194 812 256 sentiente

122 351 215 411 tiente
229 357 260 409 et
274 348 313 408 ab
330 349 411 408 omni
426 345 548 407 homine
571 361 661 422 quern
681 346 786 443 atiquo
804 360 857 407 res
876 345 951 408 urit
980 362 1056 411 num
1076 356 1105 413 ιιι

122 436 227 495 uteera
248 433 287 491 ad
309 434 405 490 tenent
427 438 555 502 tactum,
583 429 695 490 deinde
714 428 806 491 etium
825 430 868 490 ad
878 430 1103 527 suspicionem

122 524 222 577 taetus
239 515 473 583 condolescunt,
496 515 537 574 itu
550 513 671 574 animus
685 514 827 575 adiectus
847 504 987 577 minimis
1008 516 1102 579 omn·

122 601 209 669 ditur,
226 599 305 659 adeo
326 606 358 659 ut
374 598 524 674 quosdam
543 598 684 657 salutatio
705 604 736 657 et
748 596 882 672 epistota
901 604 934 660 at
953 602 1058 663 oredo
1075 610 1102 663 ot

122 683 317 757 interrogatio
336 682 367 742 in
382 683 464 742 litem
479 688 617 741 evocent.
674 694 685 704 ’·

92 782 103 832 ι
176 768 213 828 X.
229 766 608 842 Numquamsinequereta
621 778 715 839 aegra
725 771 899 839 tanguntur.
915 766 1100 842 optimu·

121 857 179 912 est
195 852 327 926 itaque
343 850 559 924 adprimnm
574 848 1098 913 matirensummaderistiti

121 943 183 995 turn
198 934 301 993 verbis
322 948 448 1008 quoque
469 931 535 992 suis
560 931 716 992 minimum
736 931 883 992 libertatis
904 932 986 995 dure
1007 942 1041 997 at
1058 935 1098 995 iu·
1129 970 1134 979 ·

89 1016 226 1079 thibera
251 1017 398 1091 inpetum.
440 1015 543 1075 Facite
564 1024 612 1075 est
632 1022 732 1076 autem
753 1012 895 1076 adiectus
917 1028 1009 1092 suus,
1034 1030 1098 1081 dunt

122 1099 253 1173 primum
272 1101 423 1172 oriuntur,
446 1099 693 1173 deprehendam
714 1098 889 1159 morborum
905 1100 1001 1176 siguo
1015 1118 1097 1179 praa

121 1190 254 1243 currunt
284 1183 540 1259 quemadmodum
556 1181 747 1258 tempestatis
767 1198 803 1242 aa
824 1181 950 1258 ptuvtsa
966 1191 1042 1247 ente
1054 1187 1093 1262 ip

122 1283 175 1326 sas
198 1276 288 1329 notne
302 1268 442 1339 veniunt,
464 1269 505 1327 itu
520 1267 593 1338 irae,
615 1266 729 1327 amoris
750 1266 957 1343 omm‘umqne.
970 1267 1095 1331 istarum

121 1354 323 1426 proeettarum
333 1351 452 1412 animos
464 1349 640 1411 vexantium
654 1355 726 1410 sunt
739 1350 890 1425 quaedum
906 1351 1095 1425 pmenontto

88 1440 105 1492 3
121 1436 177 1509 Qui
192 1435 335 1494 comitiali
350 1435 423 1494 vitio
439 1437 539 1496 soient
553 1435 681 1510 aorript,
698 1435 757 1493 iam
772 1433 942 1494 adventure
957 1436 1094 1499 virtituti

121 1532 190 1575 nem
205 1518 392 1592 intellegunt,
414 1519 441 1577 si
458 1519 542 1578 autor
556 1534 674 1578 summa
688 1517 824 1578 deseruit
843 1525 873 1578 et
888 1517 1044 1582 incertum
1055 1522 1094 1581 tu-

119 1615 187 1659 men
204 1616 430 1675 nervorumque
452 1601 614 1676 trepidatio
629 1607 691 1673 est,
714 1599 742 1660 si
761 1600 908 1660 menone
926 1601 1094 1665 sublabitur

120 1691 273 1758 caputque
297 1691 447 1744 versatur.
484 1684 582 1744 sotitis
602 1685 706 1759 itaque
726 1683 871 1744 remediis
897 1684 1093 1762 incipientem

120 1782 245 1826 causant
266 1775 419 1842 occupant
438 1774 468 1828 et
488 1768 585 1829 odore
604 1776 757 1843 gustuque
778 1765 930 1843 quiequid
949 1771 1095 1847 estquod

119 1849 229 1909 alienat
243 1850 377 1925 animos,
392 1851 559 1927 repetitura
581 1859 634 1912 unt
650 1849 793 1911 tementis
813 1859 922 1921 eontru
940 1853 1043 1928 frigus
1060 1853 1093 1914 ri

118 1947 285 2008 goremque
300 1943 467 2009 pugnatur,
483 1940 536 1994 aut
550 1935 578 1996 si
594 1950 701 2011 parurn
717 1934 868 1995 medicina
883 1937 1033 2011 proiecit,
1054 1936 1095 1995 vi-

86 2016 103 2068 ι
117 2023 258 2076 taverunt
268 2018 387 2077 turbam
397 2026 428 2077 et
439 2018 506 2078 sine
521 2025 598 2079 teste
609 2019 793 2079 ceciderunt
815 2017 947 2079 Prodest
956 2021 1095 2083 morbum

118 2115 206 2160 sunm
221 2116 317 2161 nosse
329 2108 359 2161 et
373 2101 454 2161 vires
466 2102 701 2178 eiusanteqnam
713 2101 891 2177 spadonum,
908 2103 1094 2178 opprimere.

118 2184 276 2246 videamus
291 2185 365 2260 quid
379 2186 426 2257 sit,
444 2186 527 2260 quod
540 2202 599 2246 nos
612 2185 744 2246 maxime
755 2186 900 2247 eondtatz
917 2185 1018 2249 anum
1031 2200 1095 2249 ver-

117 2268 241 2342 borum,
261 2270 353 2329 atiunr
370 2284 471 2329 rernm
486 2270 687 2333 contumatiae
702 2276 834 2329 movent
863 2267 913 2329 bia
927 2272 998 2332 vuit
1012 2270 1094 2332 nubi·

116 2350 200 2426 litati,
213 2353 262 2413 hie
277 2355 477 2414 tormaasuae
491 2354 590 2430 parui·
608 2353 657 2413 hie
668 2352 913 2426 deganttsstmos
922 2352 1036 2415 haberi
1046 2370 1095 2417 on·

117 2436 175 2509 pit,
191 2438 241 2495 itte
255 2438 463 2498 doctissimus.
485 2437 534 2498 hia
545 2435 709 2512 superbiae
721 2435 874 2512 inpatiens
885 2444 943 2509 est,
959 2436 1014 2499 hio
1024 2450 1094 2499 oon

116 2518 274 2578 tumuoiaa.
302 2521 353 2580 itte
374 2534 483 2582 servos
498 2536 559 2582 non
575 2528 660 2596 putat
674 2518 784 2594 dignos
805 2519 919 2595 quibus
935 2521 1095 2596 meatur,

116 2597 175 2658 hia
179 2601 258 2662 intra
273 2604 397 2663 domum
412 2618 526 2665 saevus
542 2612 604 2678 est,
630 2603 706 2663 ioris
721 2604 810 2665 mitis
832 2602 884 2662 itte
898 2604 1008 2680 rogari
1021 2605 1094 2667 inni

101 2681 197 2745 ,diam
212 2683 334 2759 iudicat,
350 2686 400 2746 hie
414 2702 475 2748 non
490 2688 592 2762 rogari
608 2686 831 2747 contumetiam.
852 2687 919 2748 Non
930 2702 1045 2751 omnes
1056 2686 1095 2747 ab

116 2767 223 2828 eadam
240 2774 325 2844 parta
346 2770 508 2831 tenuntur
539 2771 619 2832 seire
640 2771 744 2845 itaque
757 2772 893 2845 opetum,
916 2771 994 2846 quid
1015 2773 1046 2833 tn
1065 2779 1096 2832 ta

115 2851 288 2913 inbeatttum
304 2855 358 2928 sit,
373 2862 408 2914 ut
421 2854 452 2914 id
468 2854 600 2916 maxima
614 2862 770 2930 protegas.

83 2946 99 2999 1
174 2937 225 2996 itt
246 2934 312 2998 Non
325 2938 450 3014 expedit
468 2937 699 3011 omniavidane,
721 2936 825 3000 omnia
843 2936 959 2998 audtra.
982 2886 1096 3000 mattae

114 3035 173 3079 nos
194 3020 321 3080 iniuriae
335 3030 505 3096 nauseant,
527 3038 566 3082 ex
588 3023 701 3096 quibus
716 3022 884 3096 plerusque
902 3034 965 3083 non
983 3020 1095 3097 aadptt

115 3100 170 3176 qui
183 3104 289 3163 nescit.
321 3104 388 3164 Non
403 3104 453 3166 vis
474 3120 547 3166 esse
561 3104 751 3166 iracundus?
771 3120 811 3164 ne
824 3103 922 3165 tueris
941 3106 1093 3168 annosus

115 3183 168 3259 qui
182 3182 307 3260 inquirit
320 3184 394 3261 quid
407 3188 437 3247 in
453 3201 489 3249 aa
501 3187 614 3248 dictum
626 3189 674 3263 sit,
693 3188 746 3264 qtti
758 3189 911 3264 malignas
920 3200 1093 3261 ammones,

114 3264 234 3328 etiamsi
246 3278 366 3330 secreto
380 3271 472 3330 babiti
487 3279 568 3346 sunt,
583 3273 668 3344 eruit,
685 3284 721 3335 se
735 3272 807 3347 ipsa·
816 3271 973 3348 inquietat.
999 3284 1094 3349 quea-

115 3351 184 3413 dum
200 3351 413 3429 interpretatio·
424 3366 466 3416 eu
478 3355 633 3430 perducit,
648 3362 679 3416 ut
696 3356 860 3417 rideantur
873 3355 1018 3418 iniurium
1038 3355 1093 3417 tu-

114 3452 175 3512 que
195 3437 253 3498 ntia
278 3432 449 3498 differenda
468 3445 554 3511 sunt,
574 3439 635 3499 ulia
654 3438 838 3512 deridendu,
858 3438 920 3501 otio
935 3436 1096 3501 emmau·
