2378 3856
164 197 218 256 ΑΙ)
233 194 431 257 POLYBfUM
443 196 494 256 DE
511 195 810 258 CONSOLATIONE.
829 207 854 258 1.
870 208 896 260 a.
912 200 979 278 [aa]
1001 197 1066 263 219

90 357 150 409 est
173 347 349 422 cogitare
374 348 413 406 id
440 347 518 408 sibi
542 347 759 421 accidisse,
786 351 887 425 quod
913 358 1000 412 ante
1025 367 1066 412 se

91 433 205 508 passi
230 438 320 491 sunt
344 447 473 491 omnes
500 447 713 507 omnesque
739 436 906 507 passuri.
941 441 972 495 et
994 434 1066 496 ideo

91 515 165 576 mihi
188 515 309 575 videtur
329 530 429 575 rerum
450 522 573 588 natura,
602 517 686 590 quod
708 517 923 590 gravissimum
937 518 1065 591 fecerat,

91 615 253 660 commune
265 598 386 670 fecisse,
401 605 436 659 ut
447 598 654 658 crudelitatem
667 599 718 658 fati
730 602 942 660 consolaretur
954 616 1066 677 aequa-

92 684 171 743 litas.

99 806 101 811 ,
153 767 187 828 ll.
208 765 310 824 lllud
332 780 486 842 quoque
506 772 629 827 tanon
644 765 837 827 minimum
852 767 1094 842 adiuverit,1

92 849 1067 924 sicogitaverisnihilprofuturumdoloremtuum

91 949 164 994 nec
178 933 239 992 illi
254 931 422 1007 quidem,
439 948 549 1008 quem
564 932 781 1009 desideras,
794 949 861 994 nec
875 933 960 995 tibi=
977 934 1065 996 noles

91 1018 173 1077 enim
194 1016 319 1090 longum
339 1031 424 1089 esse,
447 1018 533 1092 quod
547 1016 668 1078 inritum
683 1025 739 1079 est.
769 1018 845 1079 Nam
860 1017 886 1078 si
902 1019 1066 1094 quicquam

90 1100 211 1161 tristitia
231 1101 397 1174 profecturi
418 1116 539 1175 snmus,
562 1117 623 1161 non
637 1117 748 1162 recuso
766 1102 912 1177 quicquid
927 1102 1065 1162 lacrima·

89 1200 159 1244 rum
178 1184 318 1244 fortunae
343 1200 429 1245 meae
456 1185 621 1260 superfuit,
647 1194 718 1247 tuae
733 1185 871 1245 fundere.
911 1185 1063 1246 inveniam

90 1268 263 1328 etiamnunc
296 1284 350 1342 per
374 1268 432 1328 hos
457 1269 625 1329 exhaustos
652 1268 711 1327 iam
738 1267 860 1328 fletibus
888 1268 1064 1330 domesticis

90 1353 199 1412 oculos
220 1352 304 1426 quod
324 1349 444 1424 effluat,
469 1352 497 1411 si
517 1353 609 1411 modo
630 1350 664 1410 id
683 1351 736 1410 tibi
757 1353 890 1413 futurum
908 1350 991 1412 bono
1007 1358 1063 1412 est.

90 1435 170 1508 Quid
191 1441 319 1495 cessas?
345 1450 585 1510 conqueramur,
606 1443 697 1510 atque
712 1437 791 1496 adeo
806 1436 875 1510 ipse
889 1433 968 1494 banc
983 1435 1092 1514 litemq

89 1534 189 1577 meam
204 1519 328 1579 faciam:
345 1518 566 1592 „Iniquissima
581 1519 715 1579 omniurn
731 1519 844 1580 iudicio
860 1518 995 1593 fortuna,
1010 1519 1064 1579 ad·

89 1602 150 1662 huc
164 1601 317 1662 videbaris
333 1617 403 1662 eum
418 1602 571 1662 hominem
585 1603 789 1678 continuisse,
806 1605 857 1677 qui
871 1618 996 1665 munere
1011 1611 1064 1664 tuo

89 1685 205 1746 tantam
218 1687 445 1746 venerationem
459 1694 633 1761 receperat,
649 1695 697 1758 ut,
714 1688 798 1761 quod
812 1703 882 1747 raro
899 1687 951 1746 ulli
967 1688 1062 1747 conti-

90 1770 148 1844 git,
174 1770 302 1829 felicitas
324 1770 390 1828 eius
405 1769 554 1844 effugeret
568 1770 728 1830 invidiam=
753 1786 827 1830 ecce
842 1785 911 1830 eum
926 1771 1062 1830 dolorem

89 1854 147 1925 illi,
171 1869 261 1926 quem
277 1854 364 1914 salvo
380 1853 511 1914 Caesare
527 1846 669 1930 accipere
682 1855 846 1916 maximum
863 1859 996 1928 poterat,
1019 1855 1063 1913 in-

87 1936 246 2012 pressisti,
270 1943 300 1996 et
322 1953 391 1997 cum
411 1938 489 1996 bene
512 1938 595 1999 illum
617 1937 752 2012 undique
773 1937 953 2012 circuisses‚
976 1936 1062 1998 intel·

88 2019 191 2079 lexisti
211 2020 270 2080 hac
291 2029 377 2096 parte
397 2023 605 2082 tantummodo
627 2030 731 2097 patere
751 2022 860 2082 ictibus
882 2021 953 2082 tuis.
986 2020 1092 2094 Qnida

89 2103 171 2162 enirn
186 2102 228 2162 illi
243 2104 325 2164 aliud
340 2105 481 2164 faceresf
501 2105 662 2179 pecuniam
674 2105 832 2179 eriperes?
847 2119 1011 2178 numquam
1023 2103 1064 2162 illi

89 2187 242 2247 obnoxius
257 2189 322 2249 fuit.
346 2204 427 2248 nunc
443 2204 582 2264 quoque,
600 2196 746 2263 quantum
761 2195 877 2263 potest,
899 2187 979 2246 illam
995 2201 1014 2244 a
1029 2200 1063 2245 se

87 2269 199 2330 abiecit
217 2278 248 2330 et
266 2271 298 2332 in
319 2278 404 2332 tanta
423 2271 566 2332 facilitate
585 2271 767 2345 adquirendi
787 2272 902 2333 nullum
917 2269 1063 2329 maiorem

88 2369 128 2413 ex
144 2369 181 2413 ea
197 2355 326 2415 fructum
342 2372 434 2430 quarn
450 2363 654 2430 contemptum
670 2354 737 2414 eius
752 2355 835 2430 petit.
862 2353 1006 2428 Eriperes
1022 2352 1063 2411 illi
1078 2370 1094 2423 4

88 2437 226 2497 amicost
247 2440 369 2498 sciebas
390 2446 451 2500 tarn
472 2439 633 2499 amabilem
648 2453 735 2511 esse,
761 2445 795 2497 ut
808 2436 897 2497 facile
912 2435 941 2496 in
961 2438 1062 2497 locum

88 2521 271 2582 amissorum
286 2530 393 2597 posset
408 2523 486 2583 alios
502 2522 696 2582 substituere.
723 2538 816 2581 unum
832 2521 913 2581 enim
927 2520 1007 2580 bunc
1023 2535 1062 2579 ex

86 2603 149 2677 his,
177 2622 256 2679 quos
277 2607 308 2665 in
327 2606 489 2682 principali
509 2607 601 2667 domo
617 2612 758 2680 potentes
772 2606 850 2680 vidi,
877 2605 1062 2680 cognovisse

85 2686 207 2761 videor,
234 2704 324 2763 quem
349 2691 489 2751 omnibus
513 2691 643 2750 amicum
667 2689 782 2750 habere
805 2705 874 2750 cum
902 2690 1060 2765 expediat,

86 2772 183 2844 magis
200 2779 300 2830 tamen
315 2775 405 2833 etiam
419 2775 501 2834 libet.
522 2774 666 2849 Eriperes
681 2773 723 2832 illl
738 2774 848 2833 bonam
864 2773 1092 2847 opinionemft

86 2853 214 2913 solidior
234 2860 281 2911 est
300 2855 378 2913 haec
398 2857 480 2929 apud
501 2871 587 2927 eum,
613 2871 703 2928 quam
727 2863 761 2914 ut
774 2870 793 2912 a
807 2863 838 2914 te
853 2868 977 2928 quoque
991 2853 1061 2925 ipsa

85 2935 208 2997 concuti
219 2936 329 3009 possit.
349 2935 616 3010 Eriperesbonam
628 2935 847 2995 valitudinem?
861 2933 984 2993 sciebas
996 2934 1058 2991 ani·

85 3037 167 3082 mum
188 3019 255 3078 eius
280 3019 456 3080 liberalibus
478 3017 663 3093 disciplinis,
688 3017 799 3092 quibus
820 3030 881 3076 non
896 3015 1057 3076 innutritus

83 3111 215 3177 tantum,
241 3103 298 3162 sed
318 3102 440 3172 innatus
461 3109 523 3176 est,
549 3101 594 3162 sic
616 3115 687 3160 esse
708 3101 885 3168 fundatum,
908 3104 1058 3174 utsupra

84 3188 184 3247 omnis
215 3187 356 3262 corporis
382 3187 505 3248 dolores
531 3186 685 3246 emineret
721 3183 830 3256 Eriper
899 3182 1060 3259 spirituma

84 3272 263 3346 quantulum
277 3271 459 3331 nocuissest
471 3269 684 3346 longissimum
696 3266 762 3329 illii
854 3282 875 3330 o
892 3280 958 3328 aem
1013 3265 1057 3325 fa·

84 3371 133 3413 ma
147 3355 295 3429 promisit.
315 3356 348 3415 id
362 3355 424 3429 egit
437 3355 520 3430 ipse,
536 3361 568 3414 ut
581 3353 706 3414 meliore
721 3353 770 3413 sul

86 3437 254 3512 conpositis
277 3438 469 3513 eloquentiae
489 3435 657 3512 praeclaris
678 3450 706 3510 o}
