2378 3856
243 184 346 244 alxi.
363 184 402 244 V.
430 184 481 244 DE
496 185 565 244 {aa
578 184 650 244 LlB.
664 185 714 244 lli.
727 193 849 250 37—41.
997 186 1059 251 109

86 345 212 413 tumque
232 337 315 412 apud
340 339 505 412 plerosque
524 335 621 394 robur
639 336 736 395 cadat
777 337 923 411 Indignor
941 337 1059 403 meller-
1141 356 1144 361 ·

87 423 172 481 cules
188 427 217 480 el
230 437 292 481 non
308 420 430 478 invenio
446 416 571 478 dolendi
585 418 718 491 modum,
739 418 797 479 sed
810 428 932 496 tempus
947 437 1060 498 exspe-

86 504 228 565 ctandum
249 511 306 563 est.
342 502 426 562 dabit
446 515 572 576 poenas.
614 517 705 561 serva
723 501 804 562 istud
823 503 853 562 in
874 502 975 564 animo
996 513 1059 566 tuo.

85 602 155 646 cum
172 585 318 661 potueris,
340 593 371 646 el
386 600 441 660 pro
456 600 543 645 mora
561 584 706 645 reddes.“
735 586 885 660 castigare
903 603 978 649 vero
999 589 1059 649 ira-

86 677 223 730 scentem
238 677 268 730 et
282 671 361 729 ultro
376 669 508 729 obirasci
526 665 653 727 incitare
667 675 724 726 esl.
763 666 856 727 Varie
871 670 1058 745 adgredieris
1073 684 1092 738 2

85 753 270 837 blandeque,
290 751 349 812 nisi
364 752 441 812 lorte
459 758 542 812 tanta
563 766 698 824 persona
716 747 787 820 aria,
808 757 842 810 ul
861 754 964 825 possis
984 755 1060 814 iram

87 835 300 908 conminuere,
328 834 583 910 quemadmodum
605 834 675 893 iecit
693 833 783 893 divus
797 835 970 909 Augustus,
991 852 1059 897 cum

87 924 234 977 coenaret
248 919 330 993 apud
344 916 476 978 Vedium
491 917 667 978 Pollionem.
697 917 828 990 fregerat
846 933 927 977 unus
942 931 982 976 ex
995 934 1058 978 ser-

88 1001 136 1061 vis
153 1001 220 1061 eius
234 999 453 1078 crystallinum.
480 1001 548 1076 rapi
568 1016 636 1060 eum
650 999 769 1060 Vedius
787 999 877 1061 iussit
891 1016 930 1059 ne
943 1002 1060 1075 volgari

88 1085 211 1158 quidem
226 1099 311 1144 more
324 1085 499 1158 periturum.
523 1085 677 1144 muraenis
694 1081 775 1143 obici
790 1083 958 1157 iubebatur,
982 1100 1059 1156 quas

87 1167 218 1240 ingentis
233 1169 262 1226 in
280 1167 398 1242 piscina
412 1167 594 1228 continebat.
639 1166 712 1239 Quis
724 1166 861 1239 nonhec
875 1168 959 1227 illum
974 1174 1059 1240 puta-

87 1257 135 1309 ret
148 1250 287 1310 luxuriae
302 1266 397 1310 causa
414 1252 535 1310 lacere?
555 1248 684 1310 saevitia
700 1255 774 1308 erat.
815 1249 921 1310 Evasit
935 1265 953 1308 e
966 1251 1092 1317 mani-3

88 1334 146 1392 bus
161 1350 239 1408 puer
253 1340 283 1392 el
296 1333 433 1406 coniugii
446 1333 485 1392 ad
501 1332 640 1392 Caesaris
655 1331 752 1406 pedes
768 1331 840 1391 nihil
855 1333 936 1391 aliud
952 1333 1059 1408 petitu-

86 1433 150 1488 rus,
167 1432 257 1491 quam
273 1423 307 1475 ut
320 1415 407 1475 aliter
422 1417 542 1488 periret,
558 1430 596 1474 ne
611 1430 685 1474 esca
699 1414 794 1475 lieret.
826 1423 927 1476 motus
942 1422 991 1476 est
1005 1432 1059 1477 no-

86 1500 179 1558 vitate
200 1498 387 1559 crudelitatis
404 1499 516 1558 Caesar
529 1506 559 1558 et
578 1499 660 1557 illum
678 1497 799 1573 quidem
822 1499 911 1573 mitti,
932 1501 1059 1575 crystal-

87 1582 150 1640 lina
163 1590 263 1642 autem
286 1580 388 1641 omnia
402 1596 505 1642 coram
520 1597 555 1642 se
570 1582 668 1655 frangi
682 1581 772 1641 iussit
792 1583 992 1657 conplerique
1013 1583 1059 1658 pi·

87 1665 214 1724 scinam.
242 1665 311 1724 Fuit
324 1664 448 1725 Caesari
460 1666 505 1725 sic
520 1665 719 1739 castigandus
733 1665 859 1726 amicus.
889 1665 967 1726 bene
980 1683 1057 1727 usus
1073 1677 1091 1730 l

52 1768 58 1778 ·
87 1755 136 1808 est
148 1747 263 1809 viribus
278 1749 353 1808 suis.
381 1749 405 1807 E
419 1749 559 1808 convivio
571 1749 637 1823 rapi
651 1747 790 1810 homiues
799 1748 935 1824 imperas
947 1757 977 1810 et
988 1750 1059 1810 novi

86 1832 207 1905 generis
232 1831 340 1907 poenis
361 1831 528 1892 lancinari?
560 1832 587 1891 si
613 1830 692 1891 calix
707 1838 776 1893 tuus
798 1833 912 1893 lractus
933 1839 994 1905 est,
1014 1834 1058 1898 vi-

88 1929 178 1974 scera
194 1914 325 1976 hominis
341 1915 566 1975 distrahentur?
593 1921 709 1975 tantum
728 1916 782 1976 libi
796 1915 943 1991 placebis
967 1924 1000 1977 ul
1017 1917 1058 1977 ibi

88 1997 219 2072 aliquem
241 2000 311 2058 duci
325 1997 442 2073 iubeas,
458 1999 510 2059 ubi
525 1998 637 2058 Caesar
651 2007 706 2058 est.

124 2080 220 2141 .xL1.
243 2079 275 2141 Si
293 2084 342 2141 cui
353 2089 468 2142 tantum
480 2083 633 2157 potentiae
650 2089 705 2152 est,
721 2089 755 2142 ul
765 2083 840 2141 iram
855 2098 894 2142 ex
905 2085 1057 2157 superiori
1073 2094 1095 2165 1.ι

87 2165 156 2224 loco
170 2164 296 2238 adgredi
309 2166 416 2238 possit,
431 2167 509 2224 male
520 2172 635 2237 tractet,
658 2167 788 2224 attalem
802 2165 966 2238 dumtaxat,
983 2182 1057 2240 qua-

86 2249 146 2306 lem
160 2247 253 2306 modo
276 2247 378 2318 retuli,
400 2249 508 2321 leram,
530 2249 695 2320 inmanem,
716 2247 956 2320 sanguinariam,
979 2265 1059 2322 quae

86 2331 145 2389 iam
160 2329 337 2391 insanabilis
351 2337 407 2404 est,
428 2329 488 2390 nisi
508 2331 606 2390 maius
625 2329 741 2404 aliquid
754 2329 898 2389 extimuit.
911 2331 976 2372 ***

148 2412 197 2451 ***
213 2428 321 2489 pacem
329 2413 436 2473 demus
447 2414 558 2487 animo,
574 2428 665 2487 quam
680 2410 763 2472 dabit
770 2421 1057 2487 praeceptorumsa-
1073 2424 1090 2474 2

85 2495 225 2557 lutarium
233 2497 365 2558 adsidua
378 2495 532 2557 meditatio
540 2503 687 2570 actusque
702 2511 802 2554 rerum
817 2495 933 2557 boniet
946 2496 1059 2557 intenta

85 2596 173 2639 mens
187 2583 225 2641 ad
232 2580 323 2642 unius
329 2581 449 2642 honesti
461 2581 664 2655 cupiditatem.
688 2579 896 2639 Conscientiae
910 2583 984 2640 satis
996 2580 1058 2639 fiat.

84 2663 127 2723 nil
141 2664 485 2727 infamamlaborernus=
500 2671 647 2738 sequatur
658 2664 706 2723 vel
718 2665 806 2736 mala,
821 2664 892 2723 dum
907 2663 986 2722 bene
996 2679 1058 2722 me—

84 2747 189 2806 rentis.
217 2753 282 2821 „At
294 2749 405 2824 volgus
418 2749 557 2809 animosa
569 2749 694 2807 miratur
705 2754 736 2807 el
749 2748 883 2807 audaces
898 2747 928 2805 in.
943 2747 1091 2807 honored

86 2837 166 2901 sunt,
189 2830 301 2905 placidi
316 2847 371 2905 pro
386 2829 534 2892 inertibus
547 2830 726 2892 habentur.“
752 2830 850 2905 primo
863 2830 989 2891 forsitan
1004 2829 1057 2889 ad·

85 2919 204 2987 spectu.
235 2913 291 2973 sed
303 2914 392 2975 simul
407 2913 575 2990 aequalitas
589 2915 671 2973 vilae
685 2913 776 2972 fldem
793 2913 864 2971 lecit
875 2928 936 2971 non
956 2911 1056 2983 segni-

85 2998 156 3056 tiem
172 2993 253 3054 illam
268 2997 359 3055 animi
379 3013 459 3070 esse,
480 2998 537 3058 sed
553 3011 669 3071 pacem,
689 3000 853 3056 veneratur
873 2994 942 3054 illos
958 3008 1058 3068 popu-

85 3082 134 3139 lus
149 3077 228 3138 idem
246 3078 387 3154 colitque.
429 3080 509 3141 Nihil
525 3094 599 3156 ergo
613 3078 706 3142 habet
724 3077 754 3136 in
770 3092 806 3138 sa
819 3076 893 3143 utile
905 3083 982 3144 teter
1000 3077 1089 3137 istel

83 3169 118 3222 el
131 3160 251 3220 hostilis
264 3160 412 3232 adlectus,
430 3172 466 3225 ‘at
479 3163 582 3224 omnia
602 3175 641 3224 ex
662 3161 815 3225 contrario
834 3160 923 3235 mala,
944 3159 1058 3225 terrum

85 3252 117 3304 et
128 3244 224 3318 ignes.
245 3246 363 3319 pudore
371 3247 486 3307 calcato
494 3245 641 3327 caedibus
652 3242 949 3321 inclamavit-manua,
963 3256 1058 3311 mom·

86 3327 143 3385 bra
158 3327 321 3389 liberorum
336 3328 490 3403 dispersit.
526 3329 599 3391 nihil
614 3342 745 3391 vacuum
755 3324 884 3403 milani
895 3340 916 3385 lt
928 3322 1057 3397 sodellis
