2378 3856
111 188 174 253 220
313 189 346 249 L.
367 187 512 248 ANNAEI
528 182 882 247 sententiolam.

112 349 164 403 aut
173 342 281 401 beatus
294 347 346 399 aut
358 340 459 399 nullus
471 344 539 398 estt
558 336 681 397 beatum
692 334 808 396 dedere
819 332 939 397 invidia
948 344 1009 411 est,
1024 338 1091 399 nul·

82 428 173 486 llum
196 424 377 483 dementia.“
423 422 490 500 [ab]
517 421 564 480 An
590 419 651 482 hoc
668 427 700 481 te
719 427 836 493 movet,
860 418 949 495 quod
968 420 1091 481 videtur·

112 507 283 584 ingentibus
305 513 335 566 et
355 521 425 566 oum
445 505 576 566 maxime
598 503 790 564 circumfusis
813 503 905 564 bonis
926 504 1091 565 caruisses

112 608 181 653 cum
202 590 385 664 cogitaveris
406 589 500 649 multa
513 603 600 659 csse,
623 602 703 663 quae
717 584 863 661 perdidit,
883 585 991 662 cogita
1003 589 1089 663 plura

112 689 199 749 esse,
222 689 301 748 quae
316 690 377 734 non
392 671 490 733 timet:
519 687 579 731 non
595 672 640 731 ira
653 686 723 732 eum
738 670 908 745 torquebit,
931 685 997 732 non
1010 686 1088 733 mor-

112 759 170 818 bus
186 756 324 831 adfliget,
345 772 406 816 non
428 756 565 830 suspicio
579 757 724 827 lacesset,
745 770 807 814 non
823 752 906 815 εάωι
920 758 953 815 et
967 752 1088 815 inimica

113 857 236 917 semper
256 839 363 901 alienis
383 837 584 914 processibus
612 837 725 898 invidia
751 836 1001 913 consectabitur,
1027 854 1086 901 non

113 933 212 985 metus
233 922 419 995 sollicitabit,
446 937 506 981 non
526 922 635 981 levitas
655 922 793 982 lortunae
809 921 869 983 cito
886 936 1020 983 munera
1034 936 1086 983 sua

112 1006 323 1069 transferentis
340 1005 529 1080 inquietabit
566 1005 688 1064 sibene
704 1010 869 1079 conputas,
892 1004 967 1080 plus
984 1004 1028 1066 iili
1042 1020 1084 1065 re·

84 1090 239 1153 emissum
256 1104 348 1164 quam
363 1095 502 1162 ereptum
515 1095 571 1149 est·
606 1087 672 1148 Non
687 1087 799 1163 opibus
813 1088 946 1162 lraetur,
962 1105 1026 1152 non
1038 1098 1085 1151 tua

113 1174 203 1234 sirnul
225 1189 261 1233 ao
281 1188 340 1233 sua
359 1172 464 1246 gratio.
495 1188 556 1232 non
578 1171 708 1246 accipiet
724 1171 888 1246 beneficia,
912 1172 1083 1233 nondabit=

113 1258 257 1317 miserum
272 1263 376 1332 putas,
403 1256 487 1332 quod
501 1256 559 1317 ista
573 1253 686 1329 amisit,
709 1271 747 1317 an
762 1255 901 1329 beatum,
924 1255 1015 1331 quod
1028 1272 1083 1317 nou

114 1342 289 1402 desiderati
311 1340 501 1413 mihicrede,
524 1340 551 1399 is
565 1338 682 1400 beatior
696 1344 757 1413 est,
780 1339 829 1401 cui
844 1340 971 1401 tortuna
982 1354 1083 1415 super·

114 1441 212 1486 vacua
233 1432 293 1497 est,
315 1439 406 1500 quam
427 1424 468 1498 is,
496 1425 546 1484 cui
568 1430 674 1498 parata
693 1430 749 1484 est.
788 1420 897 1483 Omnia
916 1422 979 1483 ista
998 1423 1082 1495 bona,

116 1522 195 1583 quae
207 1523 264 1568 nos
277 1507 422 1581 speciosa
433 1506 489 1566 sed
503 1507 934 1582 lallacivoluptatedelectant,
947 1506 1082 1582 pecunia,

115 1592 263 1664 dignitas,
283 1591 419 1666 potentia
432 1589 554 1664 aliaque
568 1591 732 1665 conplura,
749 1589 787 1650 ad
804 1605 884 1666 quae
895 1590 1021 1664 generis
1033 1590 1083 1649 hu·

114 1673 196 1734 mani
213 1688 307 1733 caeca
321 1673 472 1746 cupiditas
489 1673 692 1748 obstupescit,
716 1689 784 1733 eum
801 1673 909 1735 labore
922 1672 1084 1748 possiden·

114 1767 177 1831 tur,
205 1774 273 1818 cum
293 1756 408 1823 invidia
430 1755 660 1830 conspiciuntur
681 1758 872 1832 eosdemque
897 1757 989 1832 ipses
1009 1770 1083 1832 quos

115 1849 284 1914 exornant,
316 1847 345 1898 et
371 1845 521 1914 premunt.
558 1841 629 1914 plus
656 1840 805 1900 minantur
831 1856 925 1915 quam
950 1846 1084 1917 prosunt

116 1923 231 1983 lubrica
251 1931 282 1982 et
302 1923 417 1982 incerta
437 1929 517 1982 sunt.
557 1939 721 1998 numquam
743 1922 822 1983 bene
839 1930 999 1985 tenentum
1019 1939 1084 1983 nam

115 2014 148 2067 ut
167 2005 240 2065 nihil
262 2006 301 2064 dc
314 2013 452 2080 tempore
467 2006 567 2067 tuturo
583 2006 736 2079 timentur,
759 2007 829 2082 ipsa
841 2013 943 2067 tanmn
959 2020 1085 2083 magrino

86 2101 103 2156 ti
115 2089 266 2151 felicitatis
280 2090 374 2150 tutela
388 2089 517 2173 sollicita
531 2097 585 2150 est.
622 2089 655 2150 Si
669 2091 746 2151 velis
762 2091 888 2151 credere
902 2088 997 2153 altius
1010 2090 1085 2151 veri·

115 2175 418 2247 tatemiutuentibus,
440 2173 539 2233 omnis
551 2175 612 2234 vita
622 2173 806 2249 supplicium
818 2182 879 2234 esu
902 2174 1085 2251 iuhocpro-

116 2259 241 2318 lundam
263 2258 492 2334 inquietumque
515 2259 642 2334 proiecti
668 2274 771 2331 mare,
798 2257 924 2318 alternis
949 2259 1085 2319 aestibus

115 2343 306 2417 reciprocum
328 2351 358 2402 et
377 2343 469 2402 modo
491 2343 636 2402 adlevans
661 2357 720 2402 nos
747 2341 857 2402 subitis
880 2339 1085 2416 incrementis,

117 2426 208 2486 modo
222 2425 387 2486 maioribus
399 2425 867 2500 damnisdelerensadsiduequc
877 2426 1086 2487 iectansnum·

117 2524 209 2581 quam
223 2509 322 2569 stabili
333 2508 529 2569 consistimus
540 2511 619 2569 loco.
642 2509 813 2584 pendemus
824 2515 854 2569 et
864 2507 1088 2571 ttaomamuret

116 2592 191 2648 alter
202 2589 231 2648 in
244 2593 369 2650 alterum
377 2591 530 2651 inlidimur
538 2592 739 2667 etaliquando
748 2592 939 2669 naufragium
948 2592 1085 2665 tacimus,

88 2684 104 2739 7
117 2687 239 2746 semper
252 2673 401 2733 timemus.
422 2675 454 2732 ln
469 2675 528 2734 hoc
542 2681 603 2733 tam
619 2677 791 2750 procelloso
807 2682 836 2736 et
851 2676 881 2736 in
893 2684 1087 2739 omnestem·

116 2761 253 2831 pestates
274 2757 415 2831 exposito
437 2758 511 2816 mari
532 2758 745 2833 navigantibus
770 2762 870 2820 nullus
895 2768 1005 2835 portus
1030 2757 1088 2821 nisi

116 2841 223 2900 mortis
244 2847 300 2901 est.
322 2857 360 2902 ne
376 2841 479 2917 itaque
493 2842 638 2902 invideris
653 2844 737 2903 tratri
751 2849 819 2903 tuor
846 2844 989 2919 quiescit
1024 2851 1086 2905 tau-

116 2925 186 2984 dem
202 2925 293 2999 liber,
313 2926 435 2986 tandem
451 2933 547 3000 tutus,
567 2926 689 2989 tandem
702 2935 846 2990 aeternus
859 2935 917 2990 est.
940 2929 1088 3006 supersti-

116 3015 177 3067 tem
191 3008 360 3069 ·Caesarem
382 3026 564 3087 omnemque
586 3010 652 3072 cius
676 3013 809 3087 prolem,
837 3013 1038 3087 superstitem
1059 3018 1089 3072 te

117 3107 184 3150 cum
208 3092 418 3153 communibus
439 3094 531 3154 habet
552 3095 705 3159 iratribus.
739 3103 904 3172 antequam
923 3094 1088 3173 quicquam

118 3189 157 3231 ex
179 3190 236 3233 suo
259 3175 365 3234 lavore
386 3177 507 3236 lortrma
525 3184 668 3253 mutaret,
691 3186 821 3240 stantem
842 3178 944 3241 adhuc
963 3180 1048 3241 illam
1061 3186 1090 3238 et

88 3264 243 3318 emunera
263 3259 354 3332 plena
373 3268 463 3319 manu
479 3268 692 3336 congerentem
707 3265 837 3339 reliquit.
871 3264 995 3325 Fruitur
1010 3278 1090 3324 nunc

118 3348 224 3416 aperto
241 3348 271 3401 et
289 3341 385 3403 libero
401 3344 502 3417 coelo,
527 3361 567 3405 cx
581 3345 685 3407 humili
700 3356 791 3421 atque
805 3348 958 3422 depresso
973 3348 1006 3408 in
1021 3362 1091 3407 eum

118 3426 240 3486 emicuit
253 3428 368 3501 locum,
389 3427 529 3504 quisquis
544 3428 594 3490 ille
608 3438 670 3505 est,
686 3431 738 3507 qui
753 3433 870 3492 solutas
881 3430 1015 3492 vinculis
1028 3429 1089 3491 ani·
